1618 2444
208 74 261 113 38
583 75 866 116 CORNELII
905 77 1105 118 TACITI

150 194 190 216 20
208 179 387 229 castelli,
426 180 500 219 ubi
546 180 724 221 tandem
764 186 913 221 coacta
954 181 1128 222 deditio.
1199 187 1242 222 et
1282 183 1476 233 proxima

208 249 359 294 sponte
397 245 635 285 incolarum
674 252 870 296 recepta:
919 247 1106 298 reliquis,
1141 263 1224 298 quo
1260 249 1400 289 minus
1433 250 1475 289 ui

208 314 284 349 aut
310 310 475 351 obsidio
502 311 820 362 subigerentur,
843 319 1119 362 praematura
1140 314 1297 354 montis
1318 314 1475 354 Haemi

209 379 251 415 et
271 389 401 415 saeua
421 375 588 426 hiemps
608 377 822 417 subuenit.

291 442 362 485 52.
420 442 482 481 At
527 442 701 493 Romae,
741 448 954 483 commota
999 443 1204 495 principis
1250 444 1389 494 domo,
1428 449 1476 484 ut

209 506 338 546 series
363 506 501 547 futuri
526 508 571 547 in
600 508 889 559 Agrippinam
910 509 1029 549 exitii
1049 509 1271 560 inciperet,
1293 509 1476 550 Claudia

209 570 396 611 Pulchra
423 572 597 612 sobrina
623 573 712 612 eius
740 573 996 623 postulatur,
1025 578 1258 614 accusante
1285 574 1475 614 Domitio

206 636 329 677 Afro.
386 637 422 677 is
458 652 608 678 recens
646 643 862 689 praetura,
898 639 1092 679 modicus
1130 639 1397 690 dignationis
1431 645 1476 681 et

171 717 188 750 5
208 716 378 752 quoquo
403 701 596 742 facinore
623 717 830 753 properus
854 703 1102 753 clarescere,
1124 705 1286 745 crimen
1307 705 1476 755 inpudi-

207 767 345 817 citiae,
376 767 623 808 adulterum
656 768 878 819 Furnium,
908 769 1118 809 ueneficia
1153 770 1197 809 in
1231 770 1470 821 principem

209 837 251 872 et
281 832 533 872 deuotiones
561 833 821 873 obiectabat.
871 833 1116 884 Agrippina
1144 849 1311 885 semper
1336 840 1475 884 atrox,

209 902 301 937 tum
335 903 378 938 et
411 898 602 949 periculo
632 899 898 949 propinquae
928 914 1123 950 accensa,
1154 901 1296 950 pergit
1324 900 1380 940 ad
1409 900 1477 940 Ti-

208 963 376 1003 berium
410 978 461 1003 ac
495 963 608 1004 forte
643 964 961 1004 sacrificantem
990 965 1104 1015 patri
1133 966 1335 1016 repperit.
1392 980 1477 1016 quo

153 1043 190 1065 10
208 1028 331 1068 initio
351 1028 541 1069 inuidiae
561 1044 647 1069 non
665 1029 856 1069 eiusdem
872 1030 934 1069 ait
949 1034 1141 1070 mactare
1158 1030 1259 1070 diuo
1275 1031 1477 1080 Augusto

209 1093 409 1133 uictimas
438 1098 481 1133 et
510 1098 702 1143 posteros
732 1093 823 1133 eius
852 1094 1067 1134 insectari.
1126 1110 1212 1135 non
1240 1095 1285 1134 in
1315 1095 1478 1145 effigies

209 1164 351 1199 mutas
385 1159 581 1199 diuinum
614 1160 811 1210 spiritum
841 1160 1131 1211 transfusum5
1172 1176 1216 1202 se
1244 1162 1478 1212 imaginem

210 1239 370 1274 ueram,
385 1224 560 1264 caelesti
573 1225 782 1274 sanguine
799 1230 951 1274 ortam,
963 1225 1218 1276 intellegere
1235 1226 1477 1275 discrimen,

211 1290 424 1340 suscipere
458 1289 615 1330 sordes.
672 1289 837 1329 frustra
868 1290 1102 1331 Pulchram
1130 1292 1379 1342 praescribi,
1410 1292 1479 1332 cui

155 1365 191 1398 15
212 1352 301 1391 sola
326 1352 446 1392 exitii
467 1366 597 1392 causa
617 1352 684 1402 sit,
706 1352 821 1402 quod
843 1353 1133 1404 Agrippinam
1155 1355 1287 1395 stulte
1307 1370 1482 1405 prorsus

212 1417 268 1456 ad
289 1417 454 1457 cultum
470 1417 693 1467 delegerit,
711 1417 846 1457 oblita
864 1417 1011 1458 Sosiae
1027 1419 1081 1458 ob
1099 1419 1249 1459 eadem
1266 1420 1480 1460 adflictae.

213 1482 362 1522 audita
391 1482 497 1522 haec
527 1498 672 1522 raram
702 1483 859 1522 occulti
890 1484 1076 1533 pectoris
1106 1498 1256 1524 uocem
1283 1485 1481 1535 elicuere,

213 1552 540 1599 correptamque
562 1547 727 1588 Graeco
748 1562 875 1588 uersu
897 1548 1122 1588 admonuit
1142 1563 1227 1588 non
1243 1548 1340 1589 ideo
1355 1549 1482 1599 laedi,

214 1615 315 1664 quia
341 1628 427 1653 non
447 1618 663 1663 regnaret.
722 1613 911 1653 Pulchra
935 1619 978 1653 et
999 1614 1185 1653 Furnius
1206 1613 1482 1654 damnantur.

154 1695 196 1718 20
214 1678 324 1719 Afer
343 1678 603 1729 primoribus
623 1682 843 1718 oratorum
860 1678 1048 1729 additus,
1067 1678 1293 1729 diuulgato
1309 1678 1483 1729 ingenio

215 1748 258 1784 et
285 1748 432 1784 secuta
458 1743 786 1783 adseueratione
808 1743 1016 1793 Caesaris,
1038 1758 1124 1793 qua
1144 1757 1219 1783 suo
1238 1743 1331 1783 iure
1351 1743 1484 1784 diser-

215 1815 308 1850 tum
325 1824 423 1850 eum
438 1809 686 1860 appellauit.
733 1823 834 1849 mox
850 1808 1123 1859 capessendis
1136 1808 1484 1848 accusationibus

216 1880 293 1916 aut
304 1890 399 1916 reos
410 1874 594 1915 tutando
609 1874 876 1925 prosperiore
889 1874 1161 1924 eloquentiae
1174 1887 1304 1924 quam
1318 1888 1484 1913 morum

216 1941 334 1981 fama
366 1940 464 1990 fuit,
493 1939 575 1979 nisi
608 1939 723 1990 quod
758 1944 879 1979 aetas
914 1944 1109 1979 extrema
1138 1938 1323 1978 multum
1353 1939 1483 1978 etiam

160 2023 198 2056 25
218 2005 489 2056 eloquentiae
509 2004 706 2055 dempsit,
726 2005 829 2044 dum
848 2004 963 2045 fessa
983 2009 1126 2044 mente
1147 2004 1305 2044 retinet
1325 2004 1485 2044 silentii

220 2070 536 2122 inpatientiam.

304 2135 374 2179 53.
423 2135 484 2174 At
499 2134 744 2185 Agrippina
758 2133 962 2184 peruicax
976 2133 1065 2173 irae
1079 2139 1121 2173 et
1134 2133 1284 2173 morbo
1298 2133 1487 2183 corporis
