1618 2444
228 514 546 580 CHAPTERS
589 541 801 580 34—45:
844 542 1088 580 EVEN'I'S
1131 540 1208 580 OF·
1250 541 1311 578 25
1345 540 1452 578 A.D.

289 676 362 720 34.
420 676 618 717 Cornelio
653 675 782 717 Cosso
815 676 966 717 Asinio
1001 677 1199 728 Agrippa
1229 676 1475 717 consulibus

209 741 453 782 Cremutius
480 742 647 783 Cordus
673 743 930 793 postulatur,
953 758 1063 784 nouo
1091 758 1140 783 ac
1164 748 1268 783 tunc
1289 743 1474 794 primum

208 807 357 848 audito
396 809 585 859 crimine,
625 809 740 859 quod
780 809 905 849 editis
944 809 1175 849 annalibus
1212 809 1475 859 laudatoque

209 871 269 912 M.
290 872 426 913 Bruto
454 872 499 914 C.
522 872 717 914 Cassium
747 873 1037 913 Romanorum
1065 873 1264 913 ultimum
1286 873 1475 913 dixisset.

171 938 473 983 saccusabant
518 939 687 980 Satrius
734 939 960 980 Secundus
1003 944 1045 979 et
1085 939 1285 979 Pinarius
1323 939 1474 989 Natta,

211 1003 355 1044 Seiani
383 1004 575 1044 clientes.
632 1004 677 1044 id
703 1004 984 1055 perniciabile
1011 1019 1096 1054 reo,
1118 1009 1161 1045 et
1186 1004 1345 1045 Caesar
1363 1004 1475 1044 truci

211 1069 335 1109 uultu
355 1069 650 1110 defensionem
671 1069 899 1120 accipiens,
920 1084 1050 1120 quam
1072 1070 1328 1120 Cremutius,
1349 1070 1476 1110 relin-

210 1134 407 1184 quendae
437 1135 552 1174 uitae
582 1140 738 1184 certus,
759 1135 805 1174 in
833 1134 949 1174 hunc
979 1134 1153 1175 modum
1184 1150 1361 1176 exorsus
1390 1140 1476 1176 est:

213 1198 387 1241 ‘Verba
431 1214 539 1250 mea,
578 1204 724 1251 patres
762 1200 1007 1251 conscripti,
1047 1205 1314 1251 arguuntur3
1369 1200 1477 1240 adeo

153 1281 191 1303 10
211 1266 426 1306 factorum
441 1266 646 1306 innocens
663 1280 768 1305 sum.
817 1265 891 1305 sed
908 1280 1046 1315 neque
1062 1265 1166 1306 haec
1183 1266 1228 1305 in
1240 1266 1478 1316 principem

211 1336 288 1372 aut
313 1331 518 1382 principis
545 1336 783 1382 parentem,
805 1346 912 1381 quos
938 1331 1008 1372 lex
1036 1332 1273 1372 maiestatis
1294 1332 1478 1383 amplec-

211 1396 341 1437 titur:
381 1397 566 1437 Brutum
593 1402 636 1437 et
661 1396 855 1438 Cassium
876 1397 1122 1437 laudauisse
1142 1397 1273 1447 dicor,
1295 1412 1478 1448 quorum

211 1476 279 1502 res
323 1467 467 1512 gestas
509 1477 608 1502 cum
646 1463 819 1513 plurimi
858 1462 1187 1512 composuerint,
1226 1477 1350 1503 nemo
1389 1463 1478 1503 sine

211 1527 373 1567 honore
419 1528 688 1568 memorauit.
745 1528 866 1567 Titus
914 1527 1074 1577 Liuius,
1113 1527 1382 1577 eloquentiae
1429 1541 1479 1567 ac

154 1605 189 1639 15
213 1593 313 1633 fidei
357 1594 606 1644 praeclarus
649 1593 693 1632 in
739 1593 899 1644 primis,
940 1592 1015 1634 Cn.
1057 1593 1307 1644 Pompeium
1346 1594 1479 1634 tantis

212 1659 414 1699 laudibus
439 1660 540 1700 tulit
567 1665 614 1700 ut
640 1660 949 1710 Pompeianum
970 1675 1067 1700 eum
1087 1660 1314 1710 Augustus
1334 1660 1479 1711 appel-

212 1726 323 1765 laret
334 1743 344 1774 3
375 1740 514 1776 neque
535 1725 579 1765 id
601 1725 816 1766 amicitiae
837 1740 985 1765 eorum
1006 1725 1163 1765 offecit.
1222 1725 1478 1777 Scipionem,

212 1790 458 1840 Afranium,
510 1791 626 1830 hunc
677 1791 818 1841 ipsum
872 1790 1079 1839 Cassium,
1126 1790 1241 1829 hunc
1293 1790 1478 1831 Brutum

212 1871 426 1907 nusquam
451 1856 642 1896 latrones
662 1861 704 1896 et
725 1856 975 1906 parricidas,
998 1870 1107 1906 quae
1129 1870 1243 1895 nunc
1265 1856 1480 1897 uocabula

153 1941 195 1964 20
212 1922 491 1972 inponuntur,
513 1936 638 1972 saepe
659 1926 706 1960 ut
727 1921 917 1971 insignes
938 1921 1053 1961 uiros
1074 1921 1281 1961 nominat.
1338 1922 1480 1962 Asinii

214 1986 419 2026 Pollionis
473 1985 632 2035 scripta
681 1985 902 2035 egregiam
950 1985 1183 2025 eorundem
1230 1987 1481 2027 memoriam

213 2052 415 2101 tradunt,
473 2051 677 2091 Messalla
731 2050 942 2090 Coruinus
997 2051 1298 2101 imperatorem
1355 2067 1478 2093 suum

215 2117 409 2158 Cassium
464 2116 767 2167 praedicabam
825 2121 867 2155 et
922 2121 1101 2166 uterque
1149 2117 1302 2166 opibus
1349 2122 1480 2168 atque

214 2183 449 2223 honoribus
483 2182 751 2233 peruiguere.
816 2181 953 2221 Marci
989 2181 1206 2222 Ciceronis
1240 2183 1362 2234 libro,
1397 2198 1481 2234 quo
