<?xml version="1.0" encoding="UTF-8"?>
<!DOCTYPE html PUBLIC "-//W3C//DTD XHTML 1.0 Transitional//EN"
    "http://www.w3.org/TR/xhtml1/DTD/xhtml1-transitional.dtd">
<html xmlns="http://www.w3.org/1999/xhtml" xml:lang="en" lang="en">
 <head>
  <title>
</title>
<meta http-equiv="Content-Type" content="text/html;charset=utf-8" />
  <meta name='ocr-system' content='tesseract 3.04.00' />
  <meta name='ocr-capabilities' content='ocr_page ocr_carea ocr_par ocr_line ocrx_word'/>
</head>
<body>
  <div class='ocr_page' id='page_1' title='image "annalsbookiv00taciuoft_0072.png"; bbox 0 0 1618 2444; ppageno 0'>
   <div class='ocr_carea' id='block_1_1' title="bbox 192 93 1088 136">
    <p class='ocr_par' dir='ltr' id='par_1_1' title="bbox 192 93 1088 136">
     <span class='ocr_line' id='line_1_1' title="bbox 192 93 1088 136; baseline -0.002 -1"><span class='ocrx_word' id='word_1_1' title='bbox 192 96 244 135; x_wconf 76' lang='lat'>40</span> <span class='ocrx_word' id='word_1_2' title='bbox 566 95 848 136; x_wconf 84' lang='lat' dir='ltr'>CORNELII</span> <span class='ocrx_word' id='word_1_3' title='bbox 888 93 1088 134; x_wconf 88' lang='lat' dir='ltr'>TACITI</span> 
     </span>
    </p>
   </div>
   <div class='ocr_carea' id='block_1_2' title="bbox 138 197 1473 2212">
    <p class='ocr_par' dir='ltr' id='par_1_2' title="bbox 155 197 1462 514">
     <span class='ocr_line' id='line_1_2' title="bbox 155 197 1459 254; baseline -0.003 -14"><span class='ocrx_word' id='word_1_4' title='bbox 155 221 171 254; x_wconf 85' lang='lat'>5</span> <span class='ocrx_word' id='word_1_5' title='bbox 194 200 358 240; x_wconf 88' lang='lat' dir='ltr'>uiribus</span> <span class='ocrx_word' id='word_1_6' title='bbox 388 201 597 240; x_wconf 79' lang='lat' dir='ltr'>diuersae.</span> <span class='ocrx_word' id='word_1_7' title='bbox 654 215 792 250; x_wconf 83' lang='lat' dir='ltr'>neque</span> <span class='ocrx_word' id='word_1_8' title='bbox 823 200 1006 239; x_wconf 89' lang='lat' dir='ltr'>multum</span> <span class='ocrx_word' id='word_1_9' title='bbox 1037 197 1246 238; x_wconf 71' lang='lat' dir='ltr'>distantia</span> <span class='ocrx_word' id='word_1_10' title='bbox 1276 197 1389 237; x_wconf 88' lang='lat' dir='ltr'>inter</span> <span class='ocrx_word' id='word_1_11' title='bbox 1416 210 1459 236; x_wconf 90' lang='lat' dir='ltr'>se</span> 
     </span>
     <span class='ocr_line' id='line_1_3' title="bbox 193 263 1461 315; baseline -0.003 -10"><span class='ocrx_word' id='word_1_12' title='bbox 193 266 492 305; x_wconf 78' lang='lat' dir='ltr'>memorabant</span> <span class='ocrx_word' id='word_1_13' title='bbox 513 266 565 305; x_wconf 90' lang='lat' dir='ltr'>de</span> <span class='ocrx_word' id='word_1_14' title='bbox 587 270 805 305; x_wconf 86' lang='lat' dir='ltr'>uetustate</span> <span class='ocrx_word' id='word_1_15' title='bbox 827 265 1010 315; x_wconf 81' lang='lat' dir='ltr'>generis,</span> <span class='ocrx_word' id='word_1_16' title='bbox 1028 264 1170 303; x_wconf 89' lang='lat' dir='ltr'>studio</span> <span class='ocrx_word' id='word_1_17' title='bbox 1191 263 1233 302; x_wconf 88' lang='grc'>111</span> <span class='ocrx_word' id='word_1_18' title='bbox 1256 263 1461 313; x_wconf 89' lang='lat' dir='ltr'>populum</span> 
     </span>
     <span class='ocr_line' id='line_1_4' title="bbox 194 329 1461 382; baseline -0.003 -11"><span class='ocrx_word' id='word_1_19' title='bbox 194 332 437 372; x_wconf 87' lang='lat' dir='ltr'>Romanum</span> <span class='ocrx_word' id='word_1_20' title='bbox 464 346 540 382; x_wconf 90' lang='lat' dir='ltr'>per</span> <span class='ocrx_word' id='word_1_21' title='bbox 565 331 681 371; x_wconf 89' lang='lat' dir='ltr'>bella</span> <span class='ocrx_word' id='word_1_22' title='bbox 709 331 827 371; x_wconf 85' lang='lat' dir='ltr'>Persi</span> <span class='ocrx_word' id='word_1_23' title='bbox 855 336 898 370; x_wconf 89' lang='lat' dir='ltr'>et</span> <span class='ocrx_word' id='word_1_24' title='bbox 927 329 1163 370; x_wconf 75' lang='lat' dir='ltr'>Aristonici</span> <span class='ocrx_word' id='word_1_25' title='bbox 1194 329 1461 378; x_wconf 88' lang='lat' dir='ltr'>aliorumque</span> 
     </span>
     <span class='ocr_line' id='line_1_5' title="bbox 193 394 1462 449; baseline -0.004 -11"><span class='ocrx_word' id='word_1_26' title='bbox 193 413 357 449; x_wconf 82' lang='lat' dir='ltr'>regum.</span> <span class='ocrx_word' id='word_1_27' title='bbox 416 413 567 438; x_wconf 88' lang='lat' dir='ltr'>uerum</span> <span class='ocrx_word' id='word_1_28' title='bbox 598 397 857 448; x_wconf 76' lang='lat' dir='ltr'>Hypaepeni</span> <span class='ocrx_word' id='word_1_29' title='bbox 885 396 1178 446; x_wconf 75' lang='lat' dir='ltr'>Trallianique</span> <span class='ocrx_word' id='word_1_30' title='bbox 1207 394 1462 435; x_wconf 84' lang='lat' dir='ltr'>Laodicenis</span> 
     </span>
     <span class='ocr_line' id='line_1_6' title="bbox 195 459 1462 514; baseline -0.005 -10"><span class='ocrx_word' id='word_1_31' title='bbox 195 478 244 504; x_wconf 87' lang='lat' dir='ltr'>ac</span> <span class='ocrx_word' id='word_1_32' title='bbox 271 463 552 514; x_wconf 69' lang='lat' dir='ltr'>Magnetibus</span> <span class='ocrx_word' id='word_1_33' title='bbox 583 463 708 503; x_wconf 89' lang='lat' dir='ltr'>simul</span> <span class='ocrx_word' id='word_1_34' title='bbox 738 463 926 503; x_wconf 89' lang='lat' dir='ltr'>tramissi</span> <span class='ocrx_word' id='word_1_35' title='bbox 955 468 1003 502; x_wconf 91' lang='lat' dir='ltr'>ut</span> <span class='ocrx_word' id='word_1_36' title='bbox 1030 476 1183 513; x_wconf 87' lang='lat' dir='ltr'>parum</span> <span class='ocrx_word' id='word_1_37' title='bbox 1211 459 1369 509; x_wconf 85' lang='lat' dir='ltr'>ualidi;</span> <span class='ocrx_word' id='word_1_38' title='bbox 1408 474 1462 499; x_wconf 90' lang='lat' dir='ltr'>ne</span> 
     </span>
    </p>

    <p class='ocr_par' dir='ltr' id='par_1_3' title="bbox 138 524 1466 839">
     <span class='ocr_line' id='line_1_7' title="bbox 138 524 1463 579; baseline -0.004 -10"><span class='ocrx_word' id='word_1_39' title='bbox 138 546 176 568; x_wconf 95' lang='lat'>10</span> <span class='ocrx_word' id='word_1_40' title='bbox 195 529 373 569; x_wconf 84' lang='lat' dir='ltr'>Ilienses</span> <span class='ocrx_word' id='word_1_41' title='bbox 393 528 580 579; x_wconf 90' lang='lat' dir='ltr'>quidem,</span> <span class='ocrx_word' id='word_1_42' title='bbox 603 543 699 568; x_wconf 91' lang='lat' dir='ltr'>cum</span> <span class='ocrx_word' id='word_1_43' title='bbox 721 532 946 578; x_wconf 89' lang='lat' dir='ltr'>parentem</span> <span class='ocrx_word' id='word_1_44' title='bbox 967 527 1086 567; x_wconf 88' lang='lat' dir='ltr'>urbis</span> <span class='ocrx_word' id='word_1_45' title='bbox 1108 527 1271 566; x_wconf 85' lang='lat' dir='ltr'>Romae</span> <span class='ocrx_word' id='word_1_46' title='bbox 1293 524 1463 564; x_wconf 86' lang='lat' dir='ltr'>Troiam</span> 
     </span>
     <span class='ocr_line' id='line_1_8' title="bbox 194 589 1465 644; baseline -0.004 -10"><span class='ocrx_word' id='word_1_47' title='bbox 194 594 419 644; x_wconf 72' lang='lat' dir='ltr'>referrent,</span> <span class='ocrx_word' id='word_1_48' title='bbox 441 593 521 633; x_wconf 87' lang='lat' dir='ltr'>nisi</span> <span class='ocrx_word' id='word_1_49' title='bbox 543 593 817 643; x_wconf 82' lang='lat' dir='ltr'>antiquitatis</span> <span class='ocrx_word' id='word_1_50' title='bbox 839 593 977 643; x_wconf 80' lang='lat' dir='ltr'>gloria</span> <span class='ocrx_word' id='word_1_51' title='bbox 998 592 1232 643; x_wconf 88' lang='lat' dir='ltr'>pollebant.</span> <span class='ocrx_word' id='word_1_52' title='bbox 1287 589 1465 640; x_wconf 87' lang='lat' dir='ltr'>paulum</span> 
     </span>
     <span class='ocr_line' id='line_1_9' title="bbox 195 659 1466 709; baseline -0.002 -10"><span class='ocrx_word' id='word_1_53' title='bbox 195 659 514 709; x_wconf 82' lang='lat' dir='ltr'>addubitatum,</span> <span class='ocrx_word' id='word_1_54' title='bbox 550 659 665 709; x_wconf 89' lang='lat' dir='ltr'>quod</span> <span class='ocrx_word' id='word_1_55' title='bbox 699 659 992 699; x_wconf 84' lang='lat' dir='ltr'>Halicarnasii</span> <span class='ocrx_word' id='word_1_56' title='bbox 1027 659 1143 699; x_wconf 86' lang='lat' dir='ltr'>mille</span> <span class='ocrx_word' id='word_1_57' title='bbox 1179 663 1221 699; x_wconf 87' lang='lat' dir='ltr'>et</span> <span class='ocrx_word' id='word_1_58' title='bbox 1257 659 1466 698; x_wconf 89' lang='lat' dir='ltr'>ducentos</span> 
     </span>
     <span class='ocr_line' id='line_1_10' title="bbox 196 724 1466 775; baseline -0.003 -10"><span class='ocrx_word' id='word_1_59' title='bbox 196 739 272 775; x_wconf 87' lang='lat' dir='ltr'>per</span> <span class='ocrx_word' id='word_1_60' title='bbox 306 740 441 765; x_wconf 90' lang='lat' dir='ltr'>annos</span> <span class='ocrx_word' id='word_1_61' title='bbox 474 724 593 764; x_wconf 89' lang='lat' dir='ltr'>nullo</span> <span class='ocrx_word' id='word_1_62' title='bbox 627 728 746 764; x_wconf 83' lang='lat' dir='ltr'>motu</span> <span class='ocrx_word' id='word_1_63' title='bbox 782 729 924 764; x_wconf 86' lang='lat' dir='ltr'>terrae</span> <span class='ocrx_word' id='word_1_64' title='bbox 958 724 1180 765; x_wconf 89' lang='lat' dir='ltr'>nutauisse</span> <span class='ocrx_word' id='word_1_65' title='bbox 1215 724 1337 765; x_wconf 86' lang='lat' dir='ltr'>sedes</span> <span class='ocrx_word' id='word_1_66' title='bbox 1367 736 1466 763; x_wconf 82' lang='lat' dir='ltr'>suas</span> 
     </span>
     <span class='ocr_line' id='line_1_11' title="bbox 198 788 1464 839; baseline -0.001 -11"><span class='ocrx_word' id='word_1_67' title='bbox 198 789 383 839; x_wconf 80' lang='lat' dir='ltr'>uinoque</span> <span class='ocrx_word' id='word_1_68' title='bbox 409 789 454 828; x_wconf 91' lang='lat' dir='ltr'>in</span> <span class='ocrx_word' id='word_1_69' title='bbox 481 803 585 828; x_wconf 81' lang='lat' dir='ltr'>saxo</span> <span class='ocrx_word' id='word_1_70' title='bbox 605 788 894 829; x_wconf 81' lang='lat' dir='ltr'>fundamenta</span> <span class='ocrx_word' id='word_1_71' title='bbox 914 789 1065 839; x_wconf 88' lang='lat' dir='ltr'>templi</span> <span class='ocrx_word' id='word_1_72' title='bbox 1085 789 1464 829; x_wconf 89' lang='lat' dir='ltr'>adseuerauerant.</span> 
     </span>
    </p>

    <p class='ocr_par' dir='ltr' id='par_1_4' title="bbox 140 853 1467 1156">
     <span class='ocr_line' id='line_1_12' title="bbox 140 853 1466 906; baseline -0.002 -10"><span class='ocrx_word' id='word_1_73' title='bbox 140 873 176 906; x_wconf 88' lang='lat'>15</span> <span class='ocrx_word' id='word_1_74' title='bbox 199 854 490 904; x_wconf 82' lang='lat' dir='ltr'>Pergamenos</span> <span class='ocrx_word' id='word_1_75' title='bbox 520 854 588 901; x_wconf 87' lang='lat' dir='ltr'>(eo</span> <span class='ocrx_word' id='word_1_76' title='bbox 615 854 706 904; x_wconf 91' lang='lat' dir='ltr'>ipso</span> <span class='ocrx_word' id='word_1_77' title='bbox 736 854 1009 902; x_wconf 82' lang='lat' dir='ltr'>nitebantur)</span> <span class='ocrx_word' id='word_1_78' title='bbox 1041 854 1147 894; x_wconf 85' lang='lat' dir='ltr'>aede</span> <span class='ocrx_word' id='word_1_79' title='bbox 1174 855 1375 905; x_wconf 87' lang='lat' dir='ltr'>Augusto</span> <span class='ocrx_word' id='word_1_80' title='bbox 1404 853 1466 893; x_wconf 86' lang='lat' dir='ltr'>ibi</span> 
     </span>
     <span class='ocr_line' id='line_1_13' title="bbox 199 919 1467 971; baseline -0.001 -12"><span class='ocrx_word' id='word_1_81' title='bbox 199 920 281 959; x_wconf 89' lang='lat' dir='ltr'>sita</span> <span class='ocrx_word' id='word_1_82' title='bbox 311 920 414 960; x_wconf 90' lang='lat' dir='ltr'>satis</span> <span class='ocrx_word' id='word_1_83' title='bbox 444 919 623 970; x_wconf 88' lang='lat' dir='ltr'>adeptos</span> <span class='ocrx_word' id='word_1_84' title='bbox 650 919 875 960; x_wconf 89' lang='lat' dir='ltr'>creditum.</span> <span class='ocrx_word' id='word_1_85' title='bbox 934 919 1109 970; x_wconf 84' lang='lat' dir='ltr'>Ephesii</span> <span class='ocrx_word' id='word_1_86' title='bbox 1138 920 1393 971; x_wconf 84' lang='lat' dir='ltr'>Milesiique,</span> <span class='ocrx_word' id='word_1_87' title='bbox 1420 919 1467 958; x_wconf 91' lang='lat' dir='ltr'>hi</span> 
     </span>
     <span class='ocr_line' id='line_1_14' title="bbox 198 985 1466 1036; baseline -0.001 -11"><span class='ocrx_word' id='word_1_88' title='bbox 198 985 425 1036; x_wconf 86' lang='lat' dir='ltr'>Apollinis,</span> <span class='ocrx_word' id='word_1_89' title='bbox 438 985 501 1024; x_wconf 91' lang='lat' dir='ltr'>illi</span> <span class='ocrx_word' id='word_1_90' title='bbox 516 985 681 1025; x_wconf 89' lang='lat' dir='ltr'>Dianae</span> <span class='ocrx_word' id='word_1_91' title='bbox 696 985 957 1025; x_wconf 85' lang='lat' dir='ltr'>caerimonia</span> <span class='ocrx_word' id='word_1_92' title='bbox 973 985 1250 1035; x_wconf 90' lang='lat' dir='ltr'>occupauisse</span> <span class='ocrx_word' id='word_1_93' title='bbox 1266 985 1466 1025; x_wconf 84' lang='lat' dir='ltr'>ciuitates</span> 
     </span>
     <span class='ocr_line' id='line_1_15' title="bbox 199 1049 1466 1101; baseline 0 -11"><span class='ocrx_word' id='word_1_94' title='bbox 199 1051 291 1090; x_wconf 88' lang='lat' dir='ltr'>uisi.</span> <span class='ocrx_word' id='word_1_95' title='bbox 339 1051 401 1090; x_wconf 90' lang='lat' dir='ltr'>ita</span> <span class='ocrx_word' id='word_1_96' title='bbox 419 1049 653 1091; x_wconf 80' lang='lat' dir='ltr'>Sardianos</span> <span class='ocrx_word' id='word_1_97' title='bbox 668 1050 783 1090; x_wconf 90' lang='lat' dir='ltr'>inter</span> <span class='ocrx_word' id='word_1_98' title='bbox 799 1050 1148 1101; x_wconf 84' lang='lat' dir='ltr'>Zmyrnaeosque</span> <span class='ocrx_word' id='word_1_99' title='bbox 1164 1050 1466 1091; x_wconf 88' lang='lat' dir='ltr'>deliberatum.</span> 
     </span>
     <span class='ocr_line' id='line_1_16' title="bbox 201 1115 1467 1156; baseline -0.001 -1"><span class='ocrx_word' id='word_1_100' title='bbox 201 1116 401 1156; x_wconf 83' lang='lat' dir='ltr'>Sardiani</span> <span class='ocrx_word' id='word_1_101' title='bbox 441 1115 663 1155; x_wconf 89' lang='lat' dir='ltr'>decretum</span> <span class='ocrx_word' id='word_1_102' title='bbox 698 1115 899 1155; x_wconf 86' lang='lat' dir='ltr'>Etruriae</span> <span class='ocrx_word' id='word_1_103' title='bbox 933 1115 1171 1156; x_wconf 88' lang='lat' dir='ltr'>recitauere</span> <span class='ocrx_word' id='word_1_104' title='bbox 1206 1119 1254 1155; x_wconf 89' lang='lat' dir='ltr'>ut</span> <span class='ocrx_word' id='word_1_105' title='bbox 1288 1129 1467 1155; x_wconf 88' lang='lat' dir='ltr'>consan-</span> 
     </span>
    </p>

    <p class='ocr_par' dir='ltr' id='par_1_5' title="bbox 140 1180 1468 1494">
     <span class='ocr_line' id='line_1_17' title="bbox 140 1180 1467 1232; baseline -0.001 -11"><span class='ocrx_word' id='word_1_106' title='bbox 140 1204 181 1226; x_wconf 91' lang='lat'>20</span> <span class='ocrx_word' id='word_1_107' title='bbox 201 1182 368 1232; x_wconf 81' lang='lat' dir='ltr'>guinei3</span> <span class='ocrx_word' id='word_1_108' title='bbox 422 1196 523 1220; x_wconf 90' lang='lat' dir='ltr'>nam</span> <span class='ocrx_word' id='word_1_109' title='bbox 571 1180 845 1231; x_wconf 85' lang='lat' dir='ltr'>Tyrrhenum</span> <span class='ocrx_word' id='word_1_110' title='bbox 893 1181 1151 1231; x_wconf 83' lang='lat' dir='ltr'>Lydumque</span> <span class='ocrx_word' id='word_1_111' title='bbox 1198 1182 1317 1231; x_wconf 84' lang='lat' dir='ltr'>Atye</span> <span class='ocrx_word' id='word_1_112' title='bbox 1363 1194 1467 1230; x_wconf 85' lang='lat' dir='ltr'>rege</span> 
     </span>
     <span class='ocr_line' id='line_1_18' title="bbox 201 1245 1467 1298; baseline -0.002 -11"><span class='ocrx_word' id='word_1_113' title='bbox 201 1248 369 1298; x_wconf 84' lang='lat' dir='ltr'>genitos</span> <span class='ocrx_word' id='word_1_114' title='bbox 398 1248 452 1287; x_wconf 91' lang='lat' dir='ltr'>ob</span> <span class='ocrx_word' id='word_1_115' title='bbox 482 1245 806 1287; x_wconf 86' lang='lat' dir='ltr'>multitudinem</span> <span class='ocrx_word' id='word_1_116' title='bbox 835 1246 1030 1287; x_wconf 88' lang='lat' dir='ltr'>diuisisse</span> <span class='ocrx_word' id='word_1_117' title='bbox 1057 1251 1254 1297; x_wconf 78' lang='lat' dir='ltr'>gentem3</span> <span class='ocrx_word' id='word_1_118' title='bbox 1295 1246 1467 1296; x_wconf 90' lang='lat' dir='ltr'>Lydum</span> 
     </span>
     <span class='ocr_line' id='line_1_19' title="bbox 201 1312 1468 1364; baseline -0.002 -11"><span class='ocrx_word' id='word_1_119' title='bbox 201 1313 352 1364; x_wconf 83' lang='lat' dir='ltr'>patriis</span> <span class='ocrx_word' id='word_1_120' title='bbox 378 1313 423 1352; x_wconf 90' lang='lat' dir='ltr'>in</span> <span class='ocrx_word' id='word_1_121' title='bbox 450 1313 576 1353; x_wconf 89' lang='lat' dir='ltr'>terris</span> <span class='ocrx_word' id='word_1_122' title='bbox 604 1312 824 1361; x_wconf 83' lang='lat' dir='ltr'>resedisse,</span> <span class='ocrx_word' id='word_1_123' title='bbox 846 1312 1072 1362; x_wconf 86' lang='lat' dir='ltr'>Tyrrheno</span> <span class='ocrx_word' id='word_1_124' title='bbox 1093 1312 1244 1352; x_wconf 88' lang='lat' dir='ltr'>datum</span> <span class='ocrx_word' id='word_1_125' title='bbox 1265 1325 1400 1351; x_wconf 88' lang='lat' dir='ltr'>nouas</span> <span class='ocrx_word' id='word_1_126' title='bbox 1420 1315 1468 1350; x_wconf 88' lang='lat' dir='ltr'>ut</span> 
     </span>
     <span class='ocr_line' id='line_1_20' title="bbox 202 1375 1468 1428; baseline -0.003 -10"><span class='ocrx_word' id='word_1_127' title='bbox 202 1379 406 1419; x_wconf 88' lang='lat' dir='ltr'>conderet</span> <span class='ocrx_word' id='word_1_128' title='bbox 420 1378 540 1418; x_wconf 84' lang='lat' dir='ltr'>sedes</span> <span class='ocrx_word' id='word_1_129' title='bbox 548 1397 557 1428; x_wconf 79' lang='lat'>3</span> <span class='ocrx_word' id='word_1_130' title='bbox 580 1383 623 1418; x_wconf 87' lang='lat' dir='ltr'>et</span> <span class='ocrx_word' id='word_1_131' title='bbox 636 1378 795 1417; x_wconf 85' lang='lat' dir='ltr'>ducum</span> <span class='ocrx_word' id='word_1_132' title='bbox 808 1391 830 1416; x_wconf 90' lang='lat' dir='ltr'>e</span> <span class='ocrx_word' id='word_1_133' title='bbox 844 1377 1089 1416; x_wconf 89' lang='lat' dir='ltr'>nominibus</span> <span class='ocrx_word' id='word_1_134' title='bbox 1103 1377 1240 1417; x_wconf 88' lang='lat' dir='ltr'>indita</span> <span class='ocrx_word' id='word_1_135' title='bbox 1254 1375 1468 1416; x_wconf 88' lang='lat' dir='ltr'>uocabula</span> 
     </span>
     <span class='ocr_line' id='line_1_21' title="bbox 200 1441 1467 1494; baseline -0.002 -11"><span class='ocrx_word' id='word_1_136' title='bbox 200 1444 284 1483; x_wconf 89' lang='lat' dir='ltr'>illis</span> <span class='ocrx_word' id='word_1_137' title='bbox 322 1459 399 1494; x_wconf 90' lang='lat' dir='ltr'>per</span> <span class='ocrx_word' id='word_1_138' title='bbox 437 1444 600 1494; x_wconf 87' lang='lat' dir='ltr'>Asiam,</span> <span class='ocrx_word' id='word_1_139' title='bbox 639 1443 705 1482; x_wconf 92' lang='lat' dir='ltr'>his</span> <span class='ocrx_word' id='word_1_140' title='bbox 743 1442 787 1482; x_wconf 79' lang='lat' dir='ltr'>in&#39;</span> <span class='ocrx_word' id='word_1_141' title='bbox 827 1442 979 1491; x_wconf 73' lang='lat' dir='ltr'>Italia,</span> <span class='ocrx_word' id='word_1_142' title='bbox 1027 1446 1285 1492; x_wconf 90' lang='lat' dir='ltr'>auctamque</span> <span class='ocrx_word' id='word_1_143' title='bbox 1324 1441 1467 1481; x_wconf 88' lang='lat' dir='ltr'>adhuc</span> 
     </span>
    </p>

    <p class='ocr_par' dir='ltr' id='par_1_6' title="bbox 142 1506 1470 1810">
     <span class='ocr_line' id='line_1_22' title="bbox 142 1506 1468 1560; baseline 0 -14"><span class='ocrx_word' id='word_1_144' title='bbox 142 1523 182 1555; x_wconf 85' lang='lat'>25</span> <span class='ocrx_word' id='word_1_145' title='bbox 202 1509 425 1560; x_wconf 83' lang='lat' dir='ltr'>Lydorum</span> <span class='ocrx_word' id='word_1_146' title='bbox 463 1509 727 1559; x_wconf 89' lang='lat' dir='ltr'>opulentiam</span> <span class='ocrx_word' id='word_1_147' title='bbox 766 1507 905 1547; x_wconf 90' lang='lat' dir='ltr'>missis</span> <span class='ocrx_word' id='word_1_148' title='bbox 942 1507 987 1547; x_wconf 89' lang='lat' dir='ltr'>in</span> <span class='ocrx_word' id='word_1_149' title='bbox 1026 1507 1252 1548; x_wconf 83' lang='lat' dir='ltr'>Graeciam</span> <span class='ocrx_word' id='word_1_150' title='bbox 1286 1506 1468 1558; x_wconf 89' lang='lat' dir='ltr'>populis,</span> 
     </span>
     <span class='ocr_line' id='line_1_23' title="bbox 202 1573 1469 1625; baseline -0.003 -10"><span class='ocrx_word' id='word_1_151' title='bbox 202 1575 271 1615; x_wconf 90' lang='lat' dir='ltr'>cui</span> <span class='ocrx_word' id='word_1_152' title='bbox 287 1590 385 1615; x_wconf 79' lang='lat' dir='ltr'>mox</span> <span class='ocrx_word' id='word_1_153' title='bbox 402 1590 427 1614; x_wconf 90' lang='lat' dir='ltr'>a</span> <span class='ocrx_word' id='word_1_154' title='bbox 444 1575 602 1625; x_wconf 90' lang='lat' dir='ltr'>Pelope</span> <span class='ocrx_word' id='word_1_155' title='bbox 618 1589 787 1615; x_wconf 87' lang='lat' dir='ltr'>nomen.</span> <span class='ocrx_word' id='word_1_156' title='bbox 836 1573 961 1613; x_wconf 88' lang='lat' dir='ltr'>simul</span> <span class='ocrx_word' id='word_1_157' title='bbox 978 1573 1146 1613; x_wconf 86' lang='lat' dir='ltr'>litteras</span> <span class='ocrx_word' id='word_1_158' title='bbox 1159 1574 1469 1624; x_wconf 87' lang='lat' dir='ltr'>imperatorum</span> 
     </span>
     <span class='ocr_line' id='line_1_24' title="bbox 203 1638 1470 1680; baseline -0.002 -1"><span class='ocrx_word' id='word_1_159' title='bbox 203 1644 245 1680; x_wconf 89' lang='lat' dir='ltr'>et</span> <span class='ocrx_word' id='word_1_160' title='bbox 282 1640 370 1679; x_wconf 87' lang='lat' dir='ltr'>icta</span> <span class='ocrx_word' id='word_1_161' title='bbox 403 1640 627 1680; x_wconf 89' lang='lat' dir='ltr'>nobiscum</span> <span class='ocrx_word' id='word_1_162' title='bbox 660 1639 837 1680; x_wconf 75' lang='lat' dir='ltr'>foedera</span> <span class='ocrx_word' id='word_1_163' title='bbox 871 1639 985 1679; x_wconf 86' lang='lat' dir='ltr'>bello</span> <span class='ocrx_word' id='word_1_164' title='bbox 1021 1638 1310 1679; x_wconf 86' lang='lat' dir='ltr'>Macedonum</span> <span class='ocrx_word' id='word_1_165' title='bbox 1343 1638 1470 1678; x_wconf 90' lang='lat' dir='ltr'>uber-</span> 
     </span>
     <span class='ocr_line' id='line_1_25' title="bbox 202 1703 1470 1755; baseline -0.002 -10"><span class='ocrx_word' id='word_1_166' title='bbox 202 1709 422 1755; x_wconf 89' lang='lat' dir='ltr'>tatemque</span> <span class='ocrx_word' id='word_1_167' title='bbox 443 1705 668 1744; x_wconf 87' lang='lat' dir='ltr'>fluminum</span> <span class='ocrx_word' id='word_1_168' title='bbox 689 1719 875 1753; x_wconf 87' lang='lat' dir='ltr'>suorum,</span> <span class='ocrx_word' id='word_1_169' title='bbox 892 1704 1143 1754; x_wconf 84' lang='lat' dir='ltr'>temperiem</span> <span class='ocrx_word' id='word_1_170' title='bbox 1164 1703 1272 1744; x_wconf 87' lang='lat' dir='ltr'>caeli</span> <span class='ocrx_word' id='word_1_171' title='bbox 1292 1718 1342 1744; x_wconf 88' lang='lat' dir='ltr'>ac</span> <span class='ocrx_word' id='word_1_172' title='bbox 1359 1703 1470 1744; x_wconf 89' lang='lat' dir='ltr'>dites</span> 
     </span>
     <span class='ocr_line' id='line_1_26' title="bbox 204 1768 1176 1810; baseline -0.003 0"><span class='ocrx_word' id='word_1_173' title='bbox 204 1770 365 1810; x_wconf 86' lang='lat' dir='ltr'>circum</span> <span class='ocrx_word' id='word_1_174' title='bbox 384 1775 523 1810; x_wconf 88' lang='lat' dir='ltr'>terras</span> <span class='ocrx_word' id='word_1_175' title='bbox 543 1769 855 1810; x_wconf 87' lang='lat' dir='ltr'>memorabant.</span> <span class='ocrx_word' id='word_1_176' title='bbox 1174 1768 1176 1770; x_wconf 63' lang='grc'>’</span> 
     </span>
    </p>

    <p class='ocr_par' dir='ltr' id='par_1_7' title="bbox 206 1832 1472 2080">
     <span class='ocr_line' id='line_1_27' title="bbox 286 1832 1471 1884; baseline -0.003 -8"><span class='ocrx_word' id='word_1_177' title='bbox 286 1835 359 1878; x_wconf 90' lang='lat'>56.</span> <span class='ocrx_word' id='word_1_178' title='bbox 398 1835 459 1874; x_wconf 92' lang='lat' dir='ltr'>At</span> <span class='ocrx_word' id='word_1_179' title='bbox 477 1834 707 1884; x_wconf 83' lang='lat' dir='ltr'>Zmyrnaei</span> <span class='ocrx_word' id='word_1_180' title='bbox 723 1833 911 1884; x_wconf 85' lang='lat' dir='ltr'>repetita</span> <span class='ocrx_word' id='word_1_181' title='bbox 927 1837 1158 1883; x_wconf 88' lang='lat' dir='ltr'>uetustate,</span> <span class='ocrx_word' id='word_1_182' title='bbox 1173 1847 1248 1872; x_wconf 90' lang='lat' dir='ltr'>seu</span> <span class='ocrx_word' id='word_1_183' title='bbox 1261 1832 1471 1872; x_wconf 87' lang='lat' dir='ltr'>Tantalus</span> 
     </span>
     <span class='ocr_line' id='line_1_28' title="bbox 206 1897 1470 1949; baseline -0.003 -9"><span class='ocrx_word' id='word_1_184' title='bbox 206 1901 310 1940; x_wconf 87' lang='lat' dir='ltr'>Ioue</span> <span class='ocrx_word' id='word_1_185' title='bbox 340 1904 459 1939; x_wconf 88' lang='lat' dir='ltr'>ortus</span> <span class='ocrx_word' id='word_1_186' title='bbox 487 1899 595 1949; x_wconf 90' lang='lat' dir='ltr'>illos,</span> <span class='ocrx_word' id='word_1_187' title='bbox 623 1899 712 1938; x_wconf 86' lang='lat' dir='ltr'>siue</span> <span class='ocrx_word' id='word_1_188' title='bbox 742 1898 930 1937; x_wconf 86' lang='lat' dir='ltr'>Theseus</span> <span class='ocrx_word' id='word_1_189' title='bbox 959 1897 1108 1936; x_wconf 89' lang='lat' dir='ltr'>diuina</span> <span class='ocrx_word' id='word_1_190' title='bbox 1135 1902 1177 1937; x_wconf 88' lang='lat' dir='ltr'>et</span> <span class='ocrx_word' id='word_1_191' title='bbox 1207 1897 1295 1947; x_wconf 89' lang='lat' dir='ltr'>ipse</span> <span class='ocrx_word' id='word_1_192' title='bbox 1325 1897 1470 1947; x_wconf 87' lang='lat' dir='ltr'>stirpe,</span> 
     </span>
     <span class='ocr_line' id='line_1_29' title="bbox 207 1961 1472 2011; baseline -0.002 -7"><span class='ocrx_word' id='word_1_193' title='bbox 207 1965 296 2005; x_wconf 88' lang='lat' dir='ltr'>siue</span> <span class='ocrx_word' id='word_1_194' title='bbox 323 1979 409 2004; x_wconf 89' lang='lat' dir='ltr'>una</span> <span class='ocrx_word' id='word_1_195' title='bbox 430 1965 701 2003; x_wconf 87' lang='lat' dir='ltr'>Amazonum</span> <span class='ocrx_word' id='word_1_196' title='bbox 722 1961 996 2011; x_wconf 83' lang='lat' dir='ltr'>condidisset,</span> <span class='ocrx_word' id='word_1_197' title='bbox 1017 1961 1323 2002; x_wconf 86' lang='lat' dir='ltr'>transcendere</span> <span class='ocrx_word' id='word_1_198' title='bbox 1344 1961 1400 2001; x_wconf 90' lang='lat' dir='ltr'>ad</span> <span class='ocrx_word' id='word_1_199' title='bbox 1421 1976 1472 2002; x_wconf 89' lang='lat' dir='ltr'>ea</span> 
     </span>
     <span class='ocr_line' id='line_1_30' title="bbox 208 2027 1472 2080; baseline -0.003 -10"><span class='ocrx_word' id='word_1_200' title='bbox 208 2030 302 2080; x_wconf 88' lang='lat' dir='ltr'>quis</span> <span class='ocrx_word' id='word_1_201' title='bbox 323 2030 507 2069; x_wconf 84' lang='lat' dir='ltr'>maxime</span> <span class='ocrx_word' id='word_1_202' title='bbox 529 2028 735 2076; x_wconf 90' lang='lat' dir='ltr'>fidebant,</span> <span class='ocrx_word' id='word_1_203' title='bbox 756 2027 801 2066; x_wconf 89' lang='lat' dir='ltr'>in</span> <span class='ocrx_word' id='word_1_204' title='bbox 821 2027 1026 2077; x_wconf 90' lang='lat' dir='ltr'>populum</span> <span class='ocrx_word' id='word_1_205' title='bbox 1048 2027 1290 2066; x_wconf 88' lang='lat' dir='ltr'>Romanum</span> <span class='ocrx_word' id='word_1_206' title='bbox 1311 2027 1472 2078; x_wconf 86' lang='lat' dir='ltr'>officiis,</span> 
     </span>
    </p>

    <p class='ocr_par' dir='ltr' id='par_1_8' title="bbox 170 2091 1473 2212">
     <span class='ocr_line' id='line_1_31' title="bbox 170 2091 1471 2143; baseline -0.003 -8"><span class='ocrx_word' id='word_1_207' title='bbox 170 2111 186 2143; x_wconf 84' lang='lat'>5</span> <span class='ocrx_word' id='word_1_208' title='bbox 208 2096 336 2135; x_wconf 90' lang='lat' dir='ltr'>missa</span> <span class='ocrx_word' id='word_1_209' title='bbox 362 2094 509 2134; x_wconf 90' lang='lat' dir='ltr'>nauali</span> <span class='ocrx_word' id='word_1_210' title='bbox 536 2094 658 2143; x_wconf 88' lang='lat' dir='ltr'>copia</span> <span class='ocrx_word' id='word_1_211' title='bbox 685 2107 770 2132; x_wconf 89' lang='lat' dir='ltr'>non</span> <span class='ocrx_word' id='word_1_212' title='bbox 797 2091 923 2131; x_wconf 90' lang='lat' dir='ltr'>modo</span> <span class='ocrx_word' id='word_1_213' title='bbox 951 2096 1130 2131; x_wconf 81' lang='lat' dir='ltr'>externa</span> <span class='ocrx_word' id='word_1_214' title='bbox 1158 2091 1213 2131; x_wconf 86' lang='lat' dir='ltr'>ad</span> <span class='ocrx_word' id='word_1_215' title='bbox 1241 2092 1368 2142; x_wconf 88' lang='lat' dir='ltr'>bella,</span> <span class='ocrx_word' id='word_1_216' title='bbox 1396 2092 1471 2132; x_wconf 86' lang='lat' dir='ltr'>sed</span> 
     </span>
     <span class='ocr_line' id='line_1_32' title="bbox 209 2158 1473 2212; baseline -0.004 -11"><span class='ocrx_word' id='word_1_217' title='bbox 209 2177 318 2212; x_wconf 86' lang='lat' dir='ltr'>quae</span> <span class='ocrx_word' id='word_1_218' title='bbox 346 2161 389 2200; x_wconf 93' lang='lat' dir='ltr'>in</span> <span class='ocrx_word' id='word_1_219' title='bbox 417 2160 547 2200; x_wconf 89' lang='lat' dir='ltr'>Italia</span> <span class='ocrx_word' id='word_1_220' title='bbox 574 2159 896 2206; x_wconf 80' lang='lat' dir='ltr'>tolerabantur3</span> <span class='ocrx_word' id='word_1_221' title='bbox 927 2171 1055 2207; x_wconf 85' lang='lat' dir='ltr'>seque</span> <span class='ocrx_word' id='word_1_222' title='bbox 1082 2158 1240 2207; x_wconf 87' lang='lat' dir='ltr'>primos</span> <span class='ocrx_word' id='word_1_223' title='bbox 1265 2158 1473 2208; x_wconf 89' lang='lat' dir='ltr'>templum</span> 
     </span>
    </p>
   </div>
  </div>
 </body>
</html>
