1618 2444
241 106 318 146 AB
357 105 621 147 EXOESSV
662 107 925 148 AVGVsTI
966 108 1044 148 IV.
1085 108 1246 148 :gl—24
1333 109 1381 149 17

115 227 215 253 nam
254 213 416 263 priores
454 212 597 262 duces,
632 213 705 253 ubi
743 213 1016 264 impetrando
1056 214 1383 265 triumphalium

116 276 277 327 insigni
307 277 500 317 sufficere
530 291 598 317 res
628 291 725 316 suas
755 277 1043 328 crediderant,
1064 278 1231 318 hostem
1261 279 1378 318 omit-

116 342 290 392 tebant3
330 342 500 392 iamque
535 346 622 382 tres
656 343 878 383 laureatae
908 343 952 382 in
988 344 1094 384 urbe
1125 348 1310 394 statuae,
1341 350 1383 385 et
1404 358 1421 388 5

116 406 259 446 adhuc
283 407 487 457 raptabat
515 406 710 446 Africam
738 406 1004 456 Tacfarinas,
1032 412 1185 447 auctus
1211 408 1384 448 Mauro-

115 487 210 512 rum
252 473 436 523 auxiliis,
480 473 566 522 qui,
611 473 853 513 Ptolemaeo
892 472 1028 513 Iubae
1074 473 1160 513 filio
1205 474 1384 514 iuuenta

114 536 339 587 incurioso,
371 537 550 577 libertos
581 537 722 587 regios
761 541 805 576 et
839 537 1013 577 seruilia
1052 538 1231 587 imperia
1270 538 1383 578 bello

116 605 404 642 mutauerant.
462 608 554 641 erat
582 602 643 641 illi
671 602 928 652 praedarum
958 606 1154 652 receptor
1175 617 1225 642 ac
1246 603 1384 643 socius

115 666 349 716 populandi
381 681 457 706 rex
494 666 820 716 Garamantum,
857 682 941 707 non
976 672 1023 706 ut
1057 682 1154 707 cum
1191 668 1384 708 exercitu
1408 680 1446 702 10

115 730 346 780 incederet,
370 731 443 770 sed
472 731 608 770 missis
635 731 804 771 leuibus
832 731 976 781 copiis,
997 746 1108 781 quae
1136 747 1189 771 ex
1216 733 1385 783 longin-

116 809 199 845 quo
227 795 271 834 in
298 797 435 834 maius
462 795 766 835 audiebantur.
824 795 1002 845 ipsaque
1031 810 1053 835 6
1081 796 1316 847 prouincia,
1338 802 1386 837 ut

115 861 209 911 quis
247 861 448 901 fortunae
486 862 622 911 inops,
661 861 852 901 moribus
894 862 1106 911 turbidus,
1147 863 1386 913 promptius

116 927 314 976 ruebant,
335 927 437 977 quia
459 926 618 967 Caesar
638 932 734 977 post
762 942 828 967 res
855 943 880 967 a
908 928 1061 968 Blaeso
1083 934 1240 979 gestas,
1263 930 1387 980 quasi

115 992 244 1032 nullis
291 992 375 1032 iam
423 992 467 1031 in
515 992 667 1031 Africa
715 992 923 1042 hostibus,
969 994 1181 1043 reportari
1226 1009 1385 1035 nonam
1409 1008 1444 1042 15

115 1057 329 1108 legionem
375 1058 570 1106 iusserat,
620 1072 696 1097 nec
738 1073 813 1108 pro
853 1058 1026 1098 consule
1066 1059 1156 1099 eius
1195 1060 1297 1100 anni
1338 1061 1384 1101 P.

116 1122 345 1163 Dolabella
368 1122 553 1163 retinere
583 1137 711 1162 ausus
741 1127 846 1172 erat,
875 1123 989 1162 iussa
1012 1123 1218 1174 principis
1246 1125 1385 1174 magis

116 1203 246 1238 quam
274 1188 440 1228 incerta
469 1187 572 1227 belli
602 1192 810 1227 metuens.

197 1254 269 1297 24.
328 1254 470 1303 Igitur
522 1252 787 1302 Tacfarinas,
837 1253 1028 1303 disperso
1076 1269 1246 1294 rumore
1295 1269 1385 1295 rem

116 1319 356 1359 Romanam
383 1319 478 1358 aliis
504 1332 674 1368 quoque
701 1319 756 1358 ab
778 1318 1027 1357 nationibus
1047 1318 1229 1358 lacerari
1250 1334 1385 1370 eoque

115 1384 324 1434 paulatim
351 1383 503 1424 Africa
531 1383 753 1432 decedere,
774 1398 824 1423 ac
851 1398 972 1433 posse
996 1384 1184 1434 reliquos
1205 1385 1384 1425 circum-

115 1449 265 1500 ueniri,
312 1450 346 1489 si
391 1450 548 1499 cuncti,
595 1449 750 1499 quibus
794 1449 974 1489 libertas
1019 1451 1194 1490 seruitio
1232 1451 1383 1501 potior,

115 1515 423 1565 incubuissent,
451 1519 583 1565 auget
609 1515 722 1554 uires
749 1514 981 1565 positisque
1009 1516 1161 1555 castris
1188 1516 1384 1556 Thubus-
1404 1526 1421 1558 5

115 1596 213 1621 cum
239 1580 445 1631 oppidum
472 1580 759 1620 circumsidet.
817 1586 861 1620 at
892 1581 1132 1629 Dolabella,
1161 1586 1384 1622 contracto

115 1647 230 1697 quod
257 1651 349 1686 erat
376 1647 573 1695 militum,
600 1651 763 1686 terrore
790 1646 974 1686 nominis
1002 1647 1186 1687 Romani
1213 1652 1255 1687 et
1282 1648 1383 1698 quia

114 1711 330 1750 Numidae
360 1710 553 1761 peditum
582 1711 718 1751 aciem
747 1711 861 1751 ferre
891 1716 1123 1763 nequeunt,
1152 1713 1288 1763 primo
1319 1714 1383 1753 sui

113 1776 281 1816 incessu
312 1776 439 1816 soluit
468 1776 683 1816 obsidium
711 1777 987 1827 locorumque
1018 1783 1259 1828 opportuna
1289 1794 1382 1829 per-

113 1840 310 1880 muniuit.
359 1841 484 1880 simul
497 1841 710 1892 principes
724 1842 1082 1883 Musulamiorum
1095 1843 1381 1884 defectionem
1404 1859 1442 1881 10

115 1909 363 1956 coeptantes
393 1906 530 1946 securi
559 1907 756 1956 percutit.
815 1907 926 1957 dein,
954 1907 1054 1957 quia
1084 1908 1279 1958 pluribus
1307 1909 1382 1948 ad-

113 1984 284 2010 uersum
311 1970 632 2011 Tacfarinatem
659 1971 1005 2021 expeditionibus
1033 1973 1266 2023 cognitum,
1294 1988 1380 2013 non

114 2034 238 2084 graui
259 2049 337 2074 nec
357 2050 442 2074 uno
463 2035 638 2075 incursu
660 2036 997 2076 consectandum
1016 2037 1184 2077 hostem
1204 2052 1378 2088 uagum,

113 2099 253 2138 excito
292 2113 388 2138 cum
428 2100 706 2150 popularibus
744 2116 847 2152 rege
887 2102 1133 2141 Ptolemaeo
1172 2105 1378 2152 Quattuor

114 2163 289 2212 agmina
328 2168 465 2214 parat,
501 2179 611 2214 quae
645 2165 800 2215 legatis
835 2171 911 2206 aut
945 2166 1131 2206 tribunis
1165 2167 1291 2216 data3
1336 2172 1379 2207 et
1401 2180 1435 2213 15

208 2247 240 2272 E.
260 2247 290 2271 T.
1264 2243 1284 2274 -2
