1618 2444
368 583 598 632 Chapters
628 584 843 624 46—61:
887 587 1063 625 Events
1094 586 1145 624 of
1172 587 1234 625 26
1257 587 1366 625 A.D.

314 706 390 750 46.
448 708 632 749 Lentulo
676 709 901 750 Gaetulico
941 710 986 751 C.
1028 710 1217 752 Caluisio
1255 711 1503 752 consulibus

235 771 411 812 decreta
438 774 647 825 triumphi
673 775 861 825 insignia
889 776 1091 827 Poppaeo
1121 776 1282 818 Sabino
1312 775 1503 816 contusis

234 837 475 878 Thraecum
497 839 713 890 gentibus,
731 840 804 890 qui
819 841 1030 880 montium
1046 841 1173 881 editis
1188 841 1356 881 incultu
1371 844 1502 890 atque

235 917 283 943 eo
310 902 497 943 ferocius
517 904 761 954 agitabant.
819 920 948 945 causa
970 910 1111 945 motus
1132 920 1259 956 super
1278 905 1501 946 hominum

195 979 213 1014 5
234 969 470 1021 ingenium,
491 971 607 1021 quod
631 972 723 1022 pati
747 971 930 1012 dilectus
954 976 997 1012 et
1017 972 1329 1012 ualidissimum
1355 986 1501 1022 quem-

234 1050 317 1085 que
343 1036 523 1076 militiae
549 1042 722 1077 nostrae
744 1037 848 1077 dare
869 1038 1229 1088 aspernabantur,
1250 1052 1305 1077 ne
1325 1037 1502 1088 regibus

234 1101 409 1152 quidem
429 1116 581 1152 parere
601 1102 682 1141 nisi
703 1117 756 1142 ex
777 1102 957 1142 libidine
978 1102 1104 1152 soliti,
1122 1106 1210 1152 aut,
1227 1102 1261 1141 si
1277 1102 1501 1142 mitterent

234 1167 408 1217 auxilia,
436 1181 539 1207 suos
563 1167 764 1207 ductores
790 1168 1022 1218 praeficere
1049 1182 1127 1208 nec
1157 1168 1239 1208 nisi
1270 1168 1500 1208 aduersum

234 1232 402 1272 accolas
435 1233 705 1283 belligerare.
763 1248 813 1273 ac
848 1238 939 1273 tum
969 1248 1116 1273 rumor
1145 1233 1379 1274 incesserat
1407 1233 1500 1273 fore

177 1312 216 1335 10
234 1302 283 1337 ut
316 1297 484 1338 disiecti
513 1297 694 1348 aliisque
723 1298 972 1338 nationibus
1000 1298 1204 1349 permixti
1233 1298 1427 1338 diuersas
1454 1298 1499 1337 in

233 1368 372 1404 terras
398 1364 688 1404 traherentur.
745 1363 831 1413 sed,
853 1369 1086 1414 antequam
1107 1379 1227 1404 arma
1246 1363 1500 1414 inciperent,

233 1427 386 1467 misere
399 1427 566 1477 legatos
580 1426 815 1466 amicitiam
828 1426 1165 1476 obsequiumque
1174 1430 1500 1476 memoraturos,

234 1497 277 1532 et
303 1506 507 1532 mansura
533 1492 641 1532 haec
668 1493 702 1532 si
729 1492 848 1532 nullo
875 1507 988 1532 nouo
1009 1506 1137 1532 onere
1158 1496 1500 1542 temptarentum

234 1558 299 1598 sin
328 1561 377 1597 ut
403 1557 529 1598 uictis
556 1557 780 1597 seruitium
805 1558 1082 1607 indiceretur,
1110 1572 1200 1598 esse
1229 1557 1309 1598 sibi
1335 1556 1499 1597 ferrum

178 1638 214 1672 15
234 1626 276 1662 et
302 1622 572 1662 iuuentutem
601 1626 644 1662 et
664 1627 910 1672 promptum
931 1622 1124 1662 libertati
1145 1626 1220 1661 aut
1240 1621 1296 1661 ad
1317 1626 1499 1662 mortem

234 1687 437 1728 animum.
495 1687 622 1726 simul
649 1687 827 1727 castella
855 1687 1035 1737 rupibus
1060 1687 1199 1727 indita
1221 1687 1500 1738 conlatosque

233 1753 335 1794 illuc
375 1757 576 1804 parentes
614 1757 657 1793 et·
696 1752 900 1802 coniuges
939 1753 1219 1793 ostentabant
1252 1752 1500 1803 bellumque

234 1818 488 1869 impeditum
518 1817 703 1858 arduum
733 1823 960 1858 cruentum
989 1817 1316 1857 minitabantur.

314 1884 388 1928 47.
446 1884 508 1923 At
536 1878 735 1934 Sabinus,
763 1883 898 1923 donec
927 1883 1142 1923 exercitus
1168 1883 1213 1922 in
1240 1898 1373 1922 unum
1402 1897 1500 1923 con-

235 1949 424 1999 duceret,
442 1948 554 1987 datis
569 1948 746 1988 mitibus
762 1949 985 1999 responsis,
999 1953 1226 1999 postquam
1241 1948 1501 1998 Pomponius

236 2014 380 2055 Labeo
407 2028 429 2053 e
454 2013 618 2053 Moesia
639 2028 735 2053 cum
756 2014 937 2064 legione,
958 2028 1035 2053 rex
1057 2013 1383 2053 Rhoemetalces
1403 2027 1500 2053 cum

235 2079 406 2121 auxiliis
453 2079 737 2129 popularium,
783 2079 856 2128 qui
903 2078 1033 2118 fidem
1078 2093 1164 2118 non
1208 2083 1499 2126 mutauerant,

198 2159 406 2194 suenere,
440 2144 590 2184 addita
629 2143 844 2194 praesenti
884 2143 1006 2193 copia
1045 2143 1101 2183 ad
1138 2143 1305 2183 hostem
1343 2143 1498 2193 pergit,
