1618 2444
336 118 415 158 AB
453 117 720 159 EXCESSV
759 116 1024 157 AVGVSTI
1059 115 1137 156 IV.
1180 116 1283 155 1—5
1418 117 1443 155 3

174 222 301 273 regni
323 227 366 263 et
386 238 534 264 necem
555 223 699 263 mariti
720 221 903 273 impulit.
961 225 1092 271 atque
1112 221 1199 270 illa,
1221 221 1290 261 cui
1311 236 1446 261 auun-

175 287 296 327 culus
315 288 554 339 Augustus,
572 302 690 328 socer
706 287 915 336 Tiberius,
930 301 984 326 ex
1002 286 1142 326 Druso
1158 286 1295 336 liberi,
1314 300 1444 336 seque

175 367 225 392 ac
252 353 434 393 maiores
454 358 497 393 et
520 358 711 404 posteros
737 352 986 402 municipali
1007 351 1205 392 adultero
1224 351 1445 402 foedabat,

176 422 223 456 ut
252 433 329 468 pro
362 418 552 459 honestis
587 422 630 458 et
658 417 959 468 praesentibus
989 416 1204 467 flagitiosa
1233 421 1276 457 et
1309 416 1446 456 incer-

174 488 220 522 ta
245 488 527 534 exspectaret.
587 483 770 522 sumitur
798 482 843 521 in
873 481 1181 522 conscientiam
1210 481 1445 531 Eudemus,

1470 236 1506 270 ¹5

177 550 341 590 amicus
379 564 430 589 ac
468 548 659 588 medicus
698 548 860 599 Liuiae,
901 548 1042 599 specie
1090 548 1195 588 artis
1242 547 1448 598 frequens
1467 561 1509 583 20

176 615 362 655 secretis.
420 614 542 665 pellit
568 613 693 654 domo
723 613 904 654 Seianus
929 628 1107 653 uxorem
1127 613 1372 664 Apicatam,
1393 628 1447 653 ex

176 694 261 730 qua
290 685 378 720 tres
405 680 564 720 liberos
591 684 815 730 genuerat,
845 694 899 720 ne
928 679 1082 730 paelici
1113 684 1445 730 suspectaretur.

175 746 250 786 sed
272 745 527 796 magnitudo
553 746 758 786 facinoris
782 750 956 796 metum,
977 745 1252 796 prolationes,
1274 745 1447 786 diuersa

176 811 397 852 interdum
418 811 596 851 consilia
612 811 852 851 adferebat.

256 876 299 920 4.
355 876 537 917 Interim
561 876 664 916 anni
690 876 900 927 principio
928 876 1094 916 Drusus
1124 890 1178 916 ex
1198 876 1446 917 Germanici

174 941 321 982 liberis
348 946 497 992 togam
530 941 699 981 uirilem
733 941 926 991 sumpsit,
961 955 1156 991 quaeque
1194 941 1322 982 fratri
1355 942 1445 982 eius

178 1006 339 1047 Neroni
381 1006 634 1046 decreuerat
680 1011 853 1046 senatus
890 1008 1086 1057 repetita.
1144 1007 1314 1049 addidit
1352 1023 1444 1049 ora-

175 1072 336 1112 tionem
357 1071 528 1121 Caesar,
550 1071 688 1111 multa
705 1086 802 1111 cum
824 1072 951 1112 laude
972 1073 1048 1112 filii
1069 1073 1146 1123 sui,
1167 1074 1283 1124 quod
1303 1075 1445 1125 patria

174 1138 478 1178 beneuolentia
506 1137 550 1177 in
579 1137 728 1177 fratris
757 1138 914 1178 liberos
943 1138 1067 1179 foret.
1125 1154 1226 1179 nam
1261 1140 1443 1190 Drusus,
1464 1156 1481 1189 5

175 1217 437 1254 quamquam
458 1202 642 1242 arduum
663 1203 718 1242 sit
738 1203 887 1243 eodem
915 1204 996 1244 loci
1023 1205 1261 1254 potentiam
1281 1210 1325 1245 et
1345 1220 1443 1245 con-

175 1270 365 1309 cordiam
398 1283 500 1319 esse‚
533 1283 696 1319 aequus
727 1269 1077 1310 adulescentibus
1105 1276 1182 1310 aut
1211 1276 1327 1311 certe
1356 1286 1442 1311 non

175 1335 383 1375 aduersus
403 1335 660 1375 habebatur.
718 1336 817 1375 exin
839 1340 964 1376 uetus
983 1341 1026 1376 et
1046 1351 1173 1387 saepe
1194 1337 1442 1378 simulatum

175 1399 471 1451 proficiscendi
492 1400 535 1439 in
563 1401 806 1450 prouincias
831 1401 1055 1441 consilium
1076 1401 1276 1442 refertur.
1336 1403 1442 1442 mul-

175 1466 407 1506 titudinem
446 1470 749 1505 ueteranorum
793 1466 1078 1516 praetexebat
1121 1467 1356 1517 imperator
1400 1472 1443 1507 et

177 1531 406 1572 dilectibus
438 1531 698 1581 supplendos
732 1532 968 1572 exercitus:
1013 1547 1114 1572 nam
1148 1533 1442 1573 uoluntarium

178 1598 356 1637 militem
385 1597 545 1646 deesse,
567 1612 629 1647 ac,
652 1598 685 1637 si
707 1597 966 1647 suppeditet,
994 1613 1079 1638 non
1109 1598 1260 1639 eadem
1281 1599 1442 1639 uirtute

177 1677 226 1702 ac
260 1662 470 1702 modestia
499 1676 641 1712 agere,
671 1662 772 1712 quia
802 1662 1053 1712 plerumque
1082 1663 1230 1713 inopes
1260 1678 1309 1703 ac
1341 1663 1442 1713 uagi

178 1730 328 1777 sponte
385 1726 584 1765 militiam
643 1730 826 1766 sumant.
896 1727 1226 1777 percensuitque
1285 1728 1442 1767 cursim

178 1806 404 1831 numerum
432 1791 651 1841 legionum
685 1796 729 1831 et
762 1806 869 1841 quas
903 1793 1148 1842 prouincias
1183 1798 1442 1834 tutarentur.

178 1856 294 1906 quod
332 1857 436 1896 mihi
474 1871 643 1907 quoque
681 1857 1005 1907 exsequendum
1043 1873 1150 1909 reor,
1190 1874 1300 1910 quae
1339 1865 1443 1900 tunc

179 1923 373 1963 Romana
403 1923 525 1973 copia
554 1923 599 1962 in
625 1923 768 1972 armis,
795 1923 868 1973 qui
898 1924 999 1963 socii
1028 1939 1164 1974 reges,
1195 1930 1358 1975 quanto
1389 1926 1443 1966 sit

178 1988 404 2037 angustius
422 1988 730 2038 imperitatum.

258 2053 298 2096 5.
355 2053 529 2093 Italiam
550 2058 732 2103 utroque
758 2054 866 2093 mari
887 2053 999 2094 duae
1029 2054 1198 2105 classes,
1227 2055 1443 2095 Misenum

178 2117 294 2168 apud
320 2122 363 2158 et
390 2118 658 2168 Rauennam,
678 2119 1008 2169 proximumque
1035 2118 1202 2159 Galliae
1229 2119 1332 2159 litus
1356 2134 1442 2159 ros-

178 2187 319 2222 tratae
363 2197 496 2223 naues
534 2183 852 2233 praesidebant,
892 2198 999 2233 quas
1036 2184 1221 2223 Actiaca
1259 2184 1442 2224 uictoria

1258 2260 1346 2291 1-2

1466 1482 1505 1504 10

1467 1809 1502 1842 15
