1618 2444
197 112 276 152 AB
315 111 581 154 EXOESSV
620 111 885 153 AVGVSTI
927 112 1006 152 IV.
1049 111 1206 152 13—16
1284 111 1329 151 11

63 217 179 268 apud
191 217 333 257 forum
342 218 534 267 Augusti
546 217 720 268 publica
733 218 915 268 pecunia
929 222 1074 267 patres
1088 217 1332 267 decreuere,

63 281 179 332 apud
203 297 308 332 quos
329 282 459 322 etiam
486 286 578 322 tum
608 286 765 322 cuncta
795 282 1116 332 tractabantur,
1147 282 1254 322 adeo
1284 286 1333 322 ut

62 353 316 399 procurator
334 348 466 389 Asiae
484 349 674 388 Lucilius
690 348 843 399 Capito
860 353 1093 389 accusante
1109 348 1330 399 prouincia

63 427 238 453 causam
258 413 429 464 dixerit,
452 428 611 463 magna
637 428 734 453 011111
763 413 1093 454 adseueratione
1114 414 1332 464 principis,

62 491 149 516 non
181 491 224 517 se
254 477 320 517 ius
352 477 433 517 nisi
472 477 516 516 in
556 477 731 517 seruitia
771 481 813 517 et
852 477 1057 527 pecunias
1096 476 1334 517 familiares

63 540 253 591 dedisse3
281 541 396 592 quod
412 542 445 581 si
459 542 547 581 111111
561 542 771 592 praetoris
785 546 1035 592 usurpasset
1049 542 1333 591 manibusque

63 607 247 647 militum
268 623 369 648 usus
388 608 513 658 foret,
535 612 680 658 spreta
704 608 749 647 in
772 623 820 648 eo
847 608 1056 648 mandata
1084 622 1183 648 sua:
1215 607 1335 647 audi—

64 677 161 713 rent
199 673 344 713 socios.
401 673 463 713 ita
502 688 599 713 reus
645 672 819 723 cognito
868 673 1041 723 negotio
1089 672 1334 712 damnatur.

64 738 117 778 ob
139 753 269 789 quam
288 739 508 789 ultionem,
531 743 574 779 et
594 739 695 789 quia
712 739 852 789 priore
870 753 983 778 anno
1004 738 1048 778 in
1070 738 1115 779 C.
1139 738 1335 779 Silanum

64 804 332 844 uindicatum
375 809 481 855 erat,
521 805 751 845 decreuere
790 805 921 845 Asiae
960 805 1088 845 urbes
1127 805 1335 855 templum

64 869 234 909 Tiberio
272 870 486 920 matrique
526 870 616 910 eius
655 885 705 910 ac
745 870 926 910 senatui.
998 874 1041 910 et
1080 870 1335 920 permissum

64 938 276 984 statuere3
320 935 495 985 egitque
534 934 650 974 Nero
691 940 839 985 grates
878 950 929 974 ea
967 949 1097 975 causa
1136 934 1335 985 patribus

65 1003 196 1049 atque
223 1014 317 1049 auo,
347 1000 484 1039 laetas
510 1000 623 1039 inter
653 1000 922 1040 audientium
952 1000 1231 1051 adfectiones,
1262 1001 1335 1051 qui

65 1064 227 1104 recenti
247 1064 453 1104 memoria
473 1064 718 1104 Germanici
743 1065 864 1104 illum
886 1064 1030 1115 aspici,
1053 1065 1174 1104 illum
1195 1064 1334 1105 audiri

65 1129 285 1169 rebantur.
362 1129 630 1179 aderantque
669 1129 814 1169 iuueni
854 1129 1065 1169 modestia
1104 1144 1153 1169 ac
1192 1129 1333 1169 forma

66 1194 258 1245 principe
291 1195 383 1234 uiro
418 1195 564 1244 digna,
598 1195 711 1234 notis
744 1195 787 1234 in
823 1209 917 1235 011111
962 1195 1105 1235 80101111
1137 1195 1246 1235 0(1115
1281 1195 1334 1235 ob

66 1258 304 1309 periculum
334 1259 539 1309 gratiora.

152 1323 220 1366 16.
281 1323 370 1364 Sub
391 1323 506 1364 idem
526 1328 695 1374 teinpus
722 1324 775 1364 de
797 1324 969 1364 flamine
992 1324 1106 1363 Diali
1129 1324 1173 1363 in
1194 1324 1335 1363 10011111

69 1387 192 1428 Serui
214 1388 528 1439 Maluginensis
549 1388 745 1428 defuncti
772 1388 969 1439 legendo,
992 1388 1117 1427 simul
1138 1388 1337 1438 roganda

66 1467 180 1492 noua
192 1453 288 1503 lege
302 1453 503 1493 disseruit
517 1452 688 1493 Caesar.
719 1468 818 1492 1101111
834 1453 1038 1503 patricios
1052 1452 1337 1493 confarreatis

67 1518 319 1568 parentibus
339 1518 508 1568 genitos
528 1522 616 1558 tres
637 1518 762 1557 simul
790 1518 1015 1568 nominari,
1037 1532 1091 1558 ex
1111 1519 1206 1568 quis
1227 1534 1337 1558 unus

67 1582 296 1632 legeretur,
317 1586 488 1622 uetusto
515 1596 631 1621 more
648 1599 656 1631 3
688 1597 827 1632 neque
855 1582 1016 1632 adesse,
1038 1586 1087 1621 ut
1108 1582 1220 1633 olim,
1242 1598 1337 1623 eam

68 1648 248 1698 copiam,
283 1648 437 1687 omissa
467 1647 770 1687 confarreandi
798 1647 1084 1687 adsuetudine
1114 1652 1190 1687 aut
1223 1648 1337 1687 inter

69 1727 228 1764 paucos
255 1718 425 1753 retenta
449 1713 697 1763 (pluresque
719 1712 809 1752 eius
836 1713 898 1752 rei
919 1727 1070 1752 causas
1097 1712 1336 1763 adferebat,

69 1779 332 1830 potissimam
352 1794 482 1829 penes
508 1779 721 1818 incuriam
748 1779 938 1819 uirorum
965 1779 1336 1829 feminarumque3

70 1843 274 1884 accedere
303 1843 436 1894 ipsius
465 1843 750 1882 caerimoniae
780 1843 1070 1893 difficultates,
1100 1858 1211 1893 quae
1241 1857 1338 1882 con-

71 1908 183 1948 sulto
217 1908 479 1955 uitarentur)
513 1912 556 1948 et
590 1908 705 1957 quod
735 1909 873 1948 exiret
913 1924 934 1948 e
963 1909 1056 1949 iure
1095 1909 1234 1959 patrio
1265 1909 1338 1959 qui

70 1973 115 2013 id
131 1973 378 2012 flamonium
394 1972 659 2023 apisceretur
679 1988 875 2023 quaeque
896 1973 940 2013 in
956 1988 1132 2013 manuni
1154 1973 1338 2013 flaminis

71 2037 333 2077 conueniret.
389 2037 451 2076 ita
472 2036 731 2077 medendum
750 2042 924 2077 senatus
945 2038 1119 2078 decreto
1136 2043 1212 2078 aut
1228 2039 1337 2088 lege,

71 2101 181 2141 sicut
199 2102 425 2151 Augustus
445 2101 659 2151 quaedam
687 2117 739 2141 ex
769 2102 945 2142 horrida
973 2103 1049 2142 illa
1076 2103 1337 2152 antiquitate

71 2167 127 2207 ad
175 2170 445 2217 praesentem
492 2181 614 2206 usum
669 2166 868 2207 flexisset.
952 2167 1088 2217 igitur
1139 2167 1338 2207 tractatis

1357 429 1395 452 10

1358 751 1395 785 15

1356 1079 1398 1102 20

1358 1600 1374 1634 5

1362 1925 1400 1947 10
