1618 2444
271 61 350 101 AB
389 61 655 102 EXCESSV
694 61 960 103 AVGVSTI
1000 61 1078 102 IV.
1118 61 1278 102 57—60
1358 61 1411 100 43

145 170 209 206 est
236 182 262 206 a
288 167 496 207 militibus
523 168 596 217 qui
619 167 810 206 subsidio
836 172 1060 207 uenerant.
1118 168 1254 207 maior
1275 182 1327 207 ex
1349 181 1411 214 ec),

146 235 189 270 et
219 246 480 282 quamquam
510 232 692 272 exitiosa
722 232 936 282 suaderet,
966 238 1013 271 ut
1040 247 1126 272 non
1153 233 1217 272 sui
1245 231 1411 281 anxius,

147 311 243 336 cum
264 298 348 338 fide
369 298 640 338 audiebatur.
696 298 1074 349 adsimulabatque
1095 299 1248 338 iudicis
1269 302 1413 348 partes

146 362 376 402 aduersum
403 363 650 404 Germanici
677 364 867 414 stirpem,
890 365 1075 405 subditis
1099 365 1171 415 qui
1193 367 1414 405 accusato-

145 443 241 467 rum
280 429 455 469 nomina
493 430 754 470 sustinerent
788 430 1061 481 maximeque
1094 431 1414 471 insectarentur

146 493 363 534 Neronem
390 495 633 545 proximum
664 495 922 535 successioni
953 501 1007 546 et,
1035 510 1298 546 quamquam
1327 510 1414 534 mo-

147 558 270 599 desta
296 559 486 609 iuuenta,
508 561 760 611 plerumque
787 566 934 601 tamen
961 561 1066 611 quid
1096 561 1140 600 in
1170 560 1415 611 praesentia

148 624 408 665 conduceret
442 625 636 675 oblitum,
672 626 776 666 dum
814 641 837 666 a
879 626 1046 666 libertis
1085 631 1128 666 et
1168 626 1413 676 clientibus,

147 689 403 738 apiscendae
430 690 649 740 potentiae
676 691 881 741 properis,
904 691 1209 731 exstimulatur
1232 696 1281 730 ut
1302 705 1416 731 erec-

148 758 241 792 tum
266 758 308 794 et
333 754 539 794 fidentem
560 755 692 794 animi
713 755 982 795 ostenderet:
1014 756 1126 796 uelle
1146 756 1190 795 id
1211 755 1416 806 populum

150 818 404 870 Romanum,
426 834 581 870 cupere
608 820 837 870 exercitus,
865 835 1004 871 neque
1031 836 1237 860 ausurum
1265 825 1417 860 contra

151 883 367 934 Seianum,
402 885 476 935 qui
515 899 630 925 nunc
670 885 927 936 patientiam
966 886 1078 926 senis
1111 891 1153 926 et
1188 886 1418 936 segnitiam

148 948 317 988 iuuenis
346 949 470 989 iuxta
499 950 691 990 insultet.

231 1015 304 1058 60.
376 1015 499 1054 Haec
545 1019 676 1065 atque
721 1015 827 1054 talia
866 1015 1060 1055 audienti
1099 1015 1206 1055 nihil
1245 1015 1418 1065 quidem

150 1094 311 1130 prauae
332 1080 620 1131 cogitationis,
643 1081 717 1120 sed
737 1080 957 1121 interdum
977 1095 1104 1120 uoces
1125 1081 1420 1131 procedebant

151 1150 427 1186 contumaces
462 1151 505 1186 et·
538 1146 822 1196 inconsultae,
857 1161 965 1196 quas
998 1146 1185 1196 adpositi
1219 1147 1421 1187 custodes

153 1216 356 1262 exceptas
401 1217 637 1262 auctasque
681 1227 776 1252 cum
817 1212 1038 1252 deferrent
1078 1227 1216 1263 neque
1255 1213 1419 1253 Neroni

153 1277 387 1317 defendere
422 1277 613 1327 daretur,
645 1278 841 1318 diuersae
872 1278 1047 1329 insuper
1081 1278 1420 1319 sollicitudinum

153 1342 317 1382 formae
339 1342 603 1382 oriebantur.
658 1358 759 1382 nam
780 1343 890 1382 alius
911 1358 1136 1382 occursum
1158 1344 1248 1383 eius
1269 1344 1421 1393 uitare,

153 1408 329 1458 quidam
364 1408 626 1448 salutatione
661 1408 834 1448 reddita
869 1409 1016 1447 statim
1046 1409 1198 1459 auerti,
1230 1409 1423 1459 plerique

153 1474 372 1523 inceptum
394 1488 635 1513 sermonem
657 1473 929 1524 abrumpere,
951 1474 1251 1514 insistentibus
1272 1479 1423 1514 contra

154 1538 530 1588 inridentibusque
552 1539 624 1588 qui
648 1538 804 1579 Seiano
825 1539 1019 1579 fautores
1040 1539 1236 1580 aderant.
1293 1540 1424 1580 enim-

155 1619 258 1644 uero
280 1604 477 1644 Tiberius
499 1609 649 1643 toruus
669 1609 746 1644 aut
766 1604 927 1644 falsum
947 1605 1151 1645 renidens
1171 1605 1318 1645 uultu:
1351 1620 1424 1645 seu

155 1669 404 1719 loqueretur
424 1683 498 1709 seu
518 1673 685 1709 taceret
706 1669 887 1719 iuuenis,
909 1670 1071 1710 crimen
1093 1685 1146 1710 ex
1167 1670 1350 1720 silentio,
1372 1685 1425 1710 ex

157 1748 274 1774 uoce.
331 1748 385 1773 ne
423 1748 511 1774 nox
550 1734 725 1784 quidem
764 1748 927 1784 secura,
967 1749 1065 1774 cum
1104 1750 1215 1775 uxor
1254 1736 1427 1786 uigilias

159 1813 328 1839 somnos
373 1798 557 1848 suspiria
602 1798 732 1838 matri
779 1799 941 1850 Liuiae,
982 1805 1112 1850 atque
1155 1800 1230 1840 illa
1271 1800 1427 1841 Seiano

159 1862 449 1913 patefaceret5
489 1863 563 1913 qui
596 1862 778 1903 fratrem
813 1879 982 1914 quoque
1015 1865 1202 1905 Neronis
1237 1865 1427 1905 Drusum

159 1929 295 1968 traxit
315 1928 360 1967 in
380 1932 537 1978 parteS,
560 1943 632 1978 spe
654 1928 825 1968 obiecta
845 1929 1051 1979 principis
1070 1930 1165 1980 loci,
1188 1930 1222 1970 si
1242 1931 1427 1980 priorem

161 1998 304 2034 aetate
334 1997 377 2033 et
405 1993 492 2032 iam
518 1992 785 2033 labefactum
814 1992 1086 2034 deniouisset.
1144 2000 1270 2034 atrox
1298 1995 1428 2034 Drusi

160 2058 384 2108 ingenium
411 2072 538 2108 super
564 2057 810 2108 cupidinem
831 2059 1052 2108 potentiae
1073 2063 1116 2098 et
1137 2059 1263 2099 solita
1282 2059 1428 2099 fratri-

161 2125 243 2164 bus
258 2123 357 2163 odia
371 2122 692 2163 accendebatur
705 2122 883 2173 inuidia,
897 2123 1012 2173 quod
1026 2129 1166 2163 mater
1182 2124 1428 2174 Agrippina

1437 441 1473 474 15

1437 772 1478 793 20

1442 1292 1458 1324 5

1448 1621 1486 1644 10

1450 1944 1486 1977 15
