1618 2444
200 142 280 182 AB
320 139 586 182 EXCEssV
626 138 892 179 AVGVSTI
934 138 1012 178 IV.
1052 138 1212 177 46—48
1296 138 1348 176 35

74 247 356 298 compositum
400 246 487 286 iam
532 260 608 296 per
647 243 873 294 angustias
912 243 1113 283 saltuum.
1171 242 1348 292 quidam

75 312 305 353 audentius
339 311 500 362 apertis
534 310 579 349 in
613 308 796 349 collibus
824 308 1093 357 uisebantur,
1123 321 1230 357 quos
1259 307 1350 347 dux

78 379 298 418 Romanus
331 376 422 416 acie
453 388 708 425 suggressus
737 373 856 413 haud
885 387 1016 423 aegre
1046 374 1223 424 pepulit,
1254 388 1350 413 san-

76 443 206 494 guine
245 442 533 482 barbarorum
572 439 741 480 modico
777 439 832 479 ob
867 439 1112 490 propinqua
1147 438 1350 489 suffugia.

78 523 179 549 111οΧ
199 507 351 548 castris
370 506 415 546 in
435 506 528 546 1000
550 505 824 545 communitis
844 504 992 544 ualida
1011 519 1144 544 manu
1160 508 1351 543 montem
1376 518 1414 540 10

79 577 275 623 occupat,
292 576 527 621 angustum
548 576 591 610 et
611 571 781 621 aequali
803 570 929 610 dorso
947 570 1200 610 continuum
1216 584 1352 620 usque

80 638 137 678 ad
160 637 403 688 proximum
424 636 662 686 castellum,
684 636 799 686 quod
819 651 980 686 magna
1001 635 1066 675 uis
1087 640 1256 676 armata
1277 640 1353 675 aut

80 702 303 742 incondita
329 702 547 742 tuebatur.
606 701 731 740 simul
758 701 803 740 in
829 700 1127 750 ferocissimos,
1150 700 1224 750 (1111
1251 704 1353 740 ante

81 768 245 807 uallum
289 782 406 807 more
449 766 592 816 gentis
630 780 728 806 cum
767 766 1031 806 carminibus
1070 770 1113 806 et
1151 765 1354 816 tripudiis

81 832 395 884 persultabant,
415 831 551 871 mittit
576 831 766 871 delectos
791 831 1128 881 sagittariorum.
1186 831 1228 881 ii,
1250 830 1354 870 dum
1378 845 1414 879 15

83 899 249 939 eminus
265 898 592 949 grassabantur,
609 897 763 938 crebra
779 902 821 937 et
837 897 978 936 inulta
994 897 1177 937 uulnera
1192 896 1334 937 fecere
1343 915 1353 947 3

83 963 257 1015 propius
301 963 551 1003 incedentes
596 963 822 1013 eruptione
868 962 1011 1001 subita
1050 961 1217 1001 turbati
1255 966 1356 1001 sunt

83 1029 331 1080 receptique
361 1029 551 1068 subsidio
583 1028 854 1079 Sugambrae
885 1028 1085 1078 cohortis,
1113 1042 1243 1078 quam
1273 1027 1356 1067 Ro-

84 1109 237 1135 manus
270 1098 515 1145 promptam
549 1094 605 1133 ad
639 1093 831 1144 pericula
866 1108 943 1133 nec
978 1094 1120 1133 minus
1149 1097 1355 1133 cantuum

84 1163 127 1199 et
148 1173 364 1199 armorum
385 1158 574 1198 tumultu
594 1162 761 1198 trucem
776 1158 894 1197 haud
911 1158 1059 1208 procul
1076 1158 1355 1197 instruxerat.
1376 1169 1417 1192 20

165 1225 239 1268 48.
297 1224 528 1263 Translata
573 1224 730 1264 dehinc
774 1228 918 1263 castra
961 1223 1128 1263 hostem
1167 1226 1355 1273 propter,

84 1290 246 1331 relictis
284 1289 401 1340 apud
439 1290 584 1340 priora
622 1290 892 1330 munimenta
931 1289 1210 1338 Thraecibus,
1250 1303 1356 1338 quos

87 1355 211 1395 nobis
232 1355 422 1395 adfuisse
443 1356 691 1395 memoraui.
739 1356 875 1406 iisque
896 1355 1149 1407 permissum
1170 1359 1355 1403 uastare,

87 1436 224 1471 urere,
255 1421 428 1461 trahere
463 1421 659 1472 praedas,
690 1421 793 1461 dum
823 1422 1043 1473 populatio
1072 1422 1213 1462 lucem
1241 1422 1357 1461 intra

86 1486 309 1526 sisteretur
347 1490 603 1536 noctemque
641 1486 685 1526 in
724 1487 876 1526 castris
914 1491 1054 1526 tutam
1093 1491 1136 1526 et
1180 1486 1356 1536 uigilem
1378 1497 1395 1530 5

87 1555 371 1601 capesserent.
419 1550 464 1590 id
481 1551 617 1601 primo
632 1556 851 1591 seruatum
864 1569 874 1601 3
905 1566 1005 1591 mox
1021 1551 1134 1591 uersi
1148 1551 1193 1590 in
1206 1551 1356 1590 luxum

87 1621 131 1657 et
144 1616 279 1666 raptis
293 1617 486 1666 opulenti
500 1617 698 1657 omittere
713 1617 931 1666 stationes,
940 1616 1119 1656 lasciuia
1132 1617 1357 1667 epularum

88 1687 165 1722 aut
181 1696 328 1721 somno
345 1686 387 1721 et
403 1681 504 1721 uino
520 1682 815 1732 procumbere.
867 1682 1002 1731 igitur
1017 1681 1173 1732 hostes,
1190 1681 1358 1721 incuria

89 1763 236 1788 eorum
264 1752 483 1798 conperta,
505 1747 590 1787 duo
617 1748 793 1798 agmina
819 1752 989 1798 parant,
1011 1762 1193 1798 quorum
1220 1747 1357 1787 altero

89 1812 363 1863 populatores
400 1812 725 1863 inuaderentur,
760 1812 834 1852 alii
872 1817 1016 1853 castra
1055 1813 1250 1852 Romana
1285 1811 1359 1852 ad·
1383 1832 1421 1854 10

89 1881 348 1927 pugnarent,
378 1892 464 1917 non
498 1892 571 1927 spe
605 1878 816 1928 capiendi,
847 1878 923 1918 sed
957 1882 1005 1917 ut
1034 1878 1232 1927 clamore,
1262 1877 1359 1917 telis

89 1956 164 1981 suo
185 1941 364 1991 quisque
385 1941 575 1991 periculo
595 1942 788 1982 intentus
804 1957 999 1983 sonorem
1015 1943 1192 1982 alterius
1209 1942 1359 1992 proelii

88 2020 175 2045 non
195 2005 421 2055 acciperet.
475 2006 682 2047 tenebrae
702 2007 878 2057 insuper
900 2007 1095 2047 delectae
1112 2006 1359 2057 augendam

89 2071 145 2111 ad
157 2071 445 2112 formidinem.
486 2072 561 2112 sed
574 2073 648 2122 qui
661 2073 825 2113 uallum
838 2073 1058 2123 legionum
1071 2073 1358 2123 temptabant,

88 2136 216 2176 facile
229 2137 452 2187 pelluntur
464 2156 473 2187 ;
514 2139 756 2179 Thraecum
770 2140 933 2179 auxilia
947 2140 1170 2190 repentino
1184 2140 1359 2179 incursu
1384 2153 1420 2186 15

89 2201 252 2252 territa,
293 2216 390 2241 cum
428 2217 528 2252 pars
568 2203 879 2244 munitionibus
918 2204 1180 2254 adiacerent,
1215 2205 1361 2254 plures

1175 2282 1265 2314 3-2
