1618 2444
186 86 191 90 ’
248 84 328 124 ΑΒ
366 82 633 124 EXCESSV
670 82 937 123 AVGVSTI
977 83 1054 123 IV.
1090 81 1250 122 71—74
1333 83 1384 121 53

116 187 335 228 aestuaria
355 187 591 238 aggeribus
611 192 655 228 et
675 187 880 238 pontibus
900 187 1171 228 traducendo
1191 186 1383 237 grauiori

114 254 278 304 agmini
306 254 464 294 firmat.
521 258 652 304 atque
678 254 864 304 interim,
892 254 1076 304 repertis
1102 253 1240 304 uadis,
1268 254 1382 294 alam

115 319 448 361 Canninefatem
478 324 521 360 et
549 319 665 370 quod
694 319 891 370 peditum
921 319 1236 360 Germanorum
1268 319 1382 359 inter

112 389 283 425 nostros
315 385 511 425 merebat
545 385 833 435 circumgredi
866 389 992 435 terga
1020 385 1209 425 hostium
1237 384 1380 434 iubet;

117 450 191 501 qui
217 451 304 490 iam
330 450 421 490 acie
448 449 672 500 compositi
693 449 861 500 pellunt
880 454 1046 490 turmas
1068 450 1245 490 sociales
1265 450 1382 501 equi-

114 521 264 567 tesque
302 516 522 566 legionum
561 515 751 556 subsidio
790 515 950 556 missos.
1008 520 1101 555 tum
1140 520 1227 556 tres
1265 516 1382 556 leues

113 582 311 622 cohortes
349 595 399 621 ac
432 596 604 620 rursum
637 580 761 630 duae,
797 580 895 620 dein
929 584 1122 631 tempore
1154 580 1381 621 interiecto

111 648 272 688 alarius
305 661 435 697 eques
467 646 842 696 inmissus,—satis
875 646 1010 686 ualidi
1044 646 1077 686 si
1108 646 1233 685 simul
1262 646 1380 686 incu-

111 712 319 761 buissent,
353 726 430 762 per
467 711 748 751 interuallum
786 711 1074 751 aduentantes
1108 725 1247 761 neque
1282 725 1380 751 con-

110 777 317 817 stantiam
349 776 611 816 addiderant
640 776 827 816 turbatis
856 780 899 816 et
928 790 1088 826 pauore
1117 776 1380 826 fugientium

112 841 439 882 auferebantur.
523 839 716 890 Cethego
768 839 962 880 Labeoni
1009 839 1154 889 legato
1201 839 1378 890 quintae

110 906 292 957 legionis
335 905 451 957 quod
488 905 702 955 reliquum
740 905 999 945 auxiliorum
1038 905 1185 945 tradit.
1247 909 1378 955 atque

108 972 181 1013 ille
208 972 343 1012 dubia
367 985 541 1011 suorum
562 985 607 1011 re
627 970 673 1010 in
693 985 852 1022 anceps
873 975 1038 1011 tractus
1057 971 1195 1011 missis
1215 971 1378 1011 nuntiis

107 1037 197 1078 uim
212 1037 433 1088 legionum
448 1036 708 1087 inplorabat.
760 1040 1045 1087 prorumpunt
1061 1036 1260 1086 quintani
1275 1040 1376 1076 ante

108 1104 215 1145 alios
243 1108 298 1155 et,
326 1103 417 1144 acri
445 1117 593 1154 pugna
622 1103 745 1143 hoste
774 1103 909 1154 pulso,
936 1103 1150 1154 recipiunt
1180 1103 1377 1143 cohortes

108 1170 283 1220 alasque
327 1169 462 1210 fessas
506 1168 772 1209 uulneribus.
840 1183 978 1219 neque
1023 1168 1114 1208 dux
1156 1169 1376 1210 Romanus

108 1234 249 1274 ultum
285 1234 336 1274 iit
375 1238 450 1273 aut
488 1247 668 1283 corpora
706 1233 916 1284 humanit,
951 1248 1213 1284 quamquam
1250 1233 1376 1274 multi

107 1299 381 1340 tribunorum
405 1298 808 1350 praefectorumque
829 1303 871 1339 et
891 1299 1082 1349 insignes
1103 1300 1375 1340 centuriones

108 1364 375 1404 cecidissent.
432 1378 532 1403 mox
553 1368 821 1413 compertum
837 1378 862 1403 a
878 1363 1117 1414 transfugis
1132 1369 1374 1414 nongentos

108 1429 400 1470 Romanorum
424 1428 540 1479 apud
559 1429 717 1478 lucum,
738 1443 865 1479 quem
886 1429 1182 1470 Baduhennae
1202 1434 1372 1481 uocant,

106 1508 254 1544 pugna
273 1494 318 1533 in
334 1498 553 1544 posterum
569 1498 768 1533 extracta
784 1493 1016 1543 confectos,
1034 1498 1077 1534 et
1092 1494 1222 1534 aliam
1238 1495 1372 1545 quad-

105 1559 405 1608 ringentorum
427 1573 604 1598 manum
627 1562 838 1609 occupata
863 1558 1133 1609 Cruptorigis
1153 1559 1371 1610 quondam

103 1622 372 1674 stipendiarii
416 1623 533 1673 uilla,
578 1628 806 1674 postquam
850 1623 1036 1673 proditio
1080 1624 1370 1677 metuebatur,

103 1689 263 1728 mutuis
290 1688 449 1728 ictibus
476 1689 766 1739 procubuisse.

182 1756 254 1800 74.
312 1755 488 1797 Clarum
500 1756 600 1796 inde
616 1756 730 1796 inter
745 1755 984 1796 Germanos
1000 1755 1186 1796 Frisium
1198 1772 1368 1808 nomen,

101 1820 398 1861 dissimulante
406 1821 577 1861 Tiberio
591 1820 762 1871 damna,
771 1835 825 1860 ne
838 1820 907 1860 cui
915 1820 1076 1861 bellum
1085 1821 1366 1871 permitteret.

100 1902 239 1938 neque
273 1891 448 1927 senatus
481 1887 526 1926 in
560 1902 609 1927 eo
644 1901 748 1927 cura
783 1901 840 1926 an
873 1886 1040 1937 imperii
1070 1892 1266 1927 extrema
1295 1888 1367 1929 de-

100 1953 445 1992 honestarentur.
504 1967 640 2002 pauor
662 1952 858 1992 internus
878 1956 1168 2001 occupauerat
1188 1952 1364 2003 animos,

1403 396 1442 419 10

1403 728 1438 761 15

1397 1060 1438 1082 20

1394 1382 1434 1416 25

1388 1707 1430 1738 30

100 2018 169 2058 cui
203 2017 437 2057 remedium
473 2017 722 2057 adulatione
753 2016 1056 2066 quaerebatur.
1113 2017 1186 2067 ita,
1217 2032 1365 2067 quam-
1385 2033 1402 2067 5

99 2096 229 2132 quam
250 2081 431 2121 diuersis
455 2096 582 2132 super
608 2082 737 2121 rebus
763 2081 1101 2131 consulerentur,
1122 2096 1242 2121 aram
1270 2082 1363 2123 Cle-

99 2147 298 2196 mentiae,
319 2161 439 2187 aram
459 2146 689 2186 Amicitiae
714 2146 960 2197 effigiesque
980 2147 1142 2187 circum
1167 2146 1363 2188 Caesaris
