1618 2444
316 581 545 630 Chapters
578 581 783 619 62—67:
827 582 1003 619 Events
1035 581 1087 618 of
1114 581 1177 619 27
1200 581 1304 619 A.D.

256 715 328 759 62.
373 715 432 755 Μ.
447 715 611 755 Licinio
625 715 671 754 L.
688 714 921 764 Calpurnio
935 714 1183 754 consulibus
1196 715 1441 764 ingentium

173 781 385 821 bellorum
412 780 580 820 cladem
608 779 812 829 aequauit
840 780 1002 819 malum
1029 780 1320 830 inprouisum;
1352 780 1442 820 eius

174 845 346 884 initium
385 845 510 884 simul
550 848 592 883 et
631 844 728 883 finis
763 844 943 883 exstitit.
1002 859 1103 884 nam
1138 848 1290 894 coepto
1325 844 1442 894 apud

173 910 383 950 Fidenam
434 909 755 960 amphitheatro
807 910 970 949 Atilius
1021 909 1198 959 quidam
1249 910 1442 950 libertini

173 976 355 1026 generis,
396 990 480 1026 quo
520 975 814 1025 spectaculum
854 975 1147 1025 gladiatorum
1187 975 1440 1024 celebraret,

174 1056 312 1091 neque
356 1040 644 1080 fundamenta
692 1054 767 1089 per
816 1039 999 1079 solidum
1048 1039 1255 1088 subdidit,
1302 1054 1441 1089 neque

173 1107 307 1146 firmis
340 1106 525 1146 nexibus
554 1106 745 1155 ligneam
775 1120 1027 1155 compagem
1058 1106 1361 1156 superstruxit,
1393 1112 1439 1146 ut

173 1172 247 1222 qui
285 1187 371 1212 non
405 1171 677 1211 abundant-ia
711 1171 919 1221 pecuniae
954 1186 1032 1211 nec
1068 1172 1319 1222 municipali
1353 1187 1441 1212 am-

172 1236 348 1286 bitione,
390 1236 465 1276 sed
507 1237 551 1275 in
591 1236 812 1275 sordidam
852 1237 1094 1277 mercedem
1132 1237 1177 1277 id
1217 1238 1438 1287 negotium

172 1302 466 1351 quaesiuisset.
524 1301 745 1341 adfluxere
791 1301 907 1341 auidi
956 1302 1120 1351 talium,
1163 1302 1440 1352 imperitante

172 1367 343 1407 Tiberio
364 1367 515 1417 procul
537 1367 835 1417 uoluptatibus
851 1367 1004 1417 habiti,
1023 1368 1146 1407 uirile
1164 1382 1213 1407 ac
1231 1368 1440 1408 muliebre

173 1447 306 1482 secus,
329 1433 465 1473 omnis
492 1437 624 1483 aetas,
650 1433 704 1471 ob
733 1433 1100 1483 propinquitatem
1128 1434 1210 1473 loci
1237 1434 1438 1484 effusius3

173 1497 287 1536 unde
321 1497 498 1547 grauior
532 1497 663 1547 pestis
697 1497 792 1547 fuit,
824 1498 1020 1538 conferta
1054 1499 1177 1548 mole,
1208 1499 1307 1539 dein
1342 1514 1439 1539 con-

173 1563 309 1612 uulsa,
345 1562 447 1602 dum
482 1562 569 1601 ruit
603 1562 720 1601 intus
754 1567 829 1602 aut
863 1562 907 1602 in
946 1564 1161 1603 exteriora
1200 1564 1440 1604 effunditur

171 1628 498 1678 inmensamque
540 1628 626 1667 uim
666 1628 926 1678 mortalium,
966 1630 1212 1679 spectaculo
1250 1630 1439 1670 intentos

172 1698 248 1733 aut
290 1693 362 1743 qui
402 1693 564 1733 circum
602 1692 849 1743 adstabant,
889 1708 1094 1744 praeceps
1133 1694 1269 1733 trahit
1308 1699 1438 1744 atque

172 1758 321 1809 operit.
380 1762 423 1798 et
456 1757 518 1796 illi
552 1757 738 1807 quidem,
769 1772 875 1807 quos
908 1758 1167 1808 principium
1202 1759 1361 1809 stragis
1394 1759 1438 1798 in

171 1827 353 1863 mortem
377 1822 619 1873 adflixerat,
641 1828 689 1862 ut
710 1823 787 1863 tali
809 1828 936 1873 sorte,
958 1824 1198 1863 cruciatum
1220 1824 1413 1874 effugere
1426 1842 1436 1873 ;

170 1887 402 1928 miserandi
421 1887 560 1937 magis
575 1901 680 1937 quos
696 1888 883 1938 abrupta
899 1894 1022 1939 parte
1039 1889 1228 1939 corporis
1245 1889 1437 1928 nondum

171 1953 264 1992 uita
302 1952 575 2001 deseruerat;
627 1953 701 2003 qui
739 1968 815 2003 per
854 1953 967 1994 diem
1007 1954 1114 2005 uisu,
1154 1969 1230 2005 per
1267 1959 1437 1995 noctem

172 2017 410 2057 ululatibus
435 2022 477 2057 et
502 2018 665 2067 gemitu
690 2018 894 2067 coniuges
915 2024 990 2059 aut
1010 2019 1167 2059 liberos
1188 2020 1436 2059 noscebant.

173 2082 259 2121 iam
283 2082 414 2121 ceteri
434 2081 551 2121 fama
572 2082 715 2132 exciti,
736 2082 806 2122 hic
827 2083 1021 2132 fratrem,
1044 2084 1333 2134 propinquum
1352 2084 1437 2134 ille,

173 2146 283 2186 alius
309 2150 509 2196 parentes
536 2146 777 2187 lamentari.
835 2148 964 2188 etiam
989 2162 1171 2198 quorum
1192 2149 1363 2189 diuersa
1384 2149 1437 2189 de

1462 988 1479 1022 5

1464 1319 1502 1341 ΙΟ

1463 1642 1498 1675 Ι5

1457 1974 1499 1996 20
