1618 2444
257 114 334 153 AB
374 112 637 153 EXGESSV
678 110 939 151 AVGVSTI
980 109 1058 149 IV.
1098 108 1252 148 28-31
1341 106 1389 146 21

127 223 350 268 utramque
370 217 556 258 insulam
577 216 768 257 referens
789 215 1041 264 dandosque
1065 213 1180 253 uitae
1203 227 1303 252 usus
1324 211 1392 251 cui
1414 222 1430 256 5

125 285 215 324 uita
260 283 580 325 concederetur.
638 283 700 322 ita
741 283 928 323 Serenus
966 282 1209 330 Amorgum
1249 293 1392 329 repor-

125 353 255 388 tatur.
313 353 367 398 et,
389 348 489 398 quia
512 348 728 388 Cornutus
749 362 826 387 sua
846 361 977 386 manu
999 345 1229 394 ceciderat,
1246 349 1391 384 actum

124 413 176 453 de
198 414 398 464 praemiis
419 418 720 454 accusatorum
737 412 974 462 abolendis,
992 412 1025 451 si
1042 411 1137 461 quis
1153 411 1392 450 maiestatis

122 480 364 529 postulatus
409 484 511 520 ante
556 479 795 530 perfectum
842 477 1049 517 iudicium
1089 491 1132 517 se
1171 477 1261 527 ipse
1300 476 1391 516 uita

123 545 392 595 priuauisset.
449 546 681 595 ibaturque
701 545 745 584 in
766 559 860 585 eam
882 543 1155 592 sententiam,
1176 543 1221 582 ni
1242 542 1391 582 durius
1414 558 1452 580 10

123 613 359 659 contraque
406 624 565 650 morem
605 624 729 649 suum
768 608 911 659 palam
951 623 1027 658 pro
1067 606 1392 647 accusatoribus

124 673 283 714 Caesar
326 675 479 714 inritas
525 677 654 724 leges,
695 689 785 714 rem
824 673 1043 724 publicam
1083 673 1127 711 in
1166 671 1390 723 praecipiti

122 743 382 788 conquestus
419 743 550 779 esset:
602 738 907 778 subuel-terent
946 738 1088 788 potius
1127 737 1222 776 iura
1260 750 1391 786 quam

123 805 321 845 custodes
367 820 513 845 eorum
559 813 823 845 amouerent.
882 804 940 844 sic
986 804 1216 853 delatoreS,
1256 817 1392 853 genus

122 870 344 910 hominum
393 871 565 921 publico
611 871 742 910 exitio
789 875 1007 921 repertum
1056 875 1098 910 et
1145 885 1199 910 ne
1244 869 1449 920 poenis15

121 935 296 986 quidem
329 951 533 986 umquam
568 937 671 976 satis
706 936 953 985 coercitum,
984 950 1060 986 per
1094 935 1283 986 praemia
1319 935 1391 975 eli-

122 1001 361 1041 ciebantur.

202 1067 276 1110 31.
335 1066 416 1105 His
450 1070 540 1106 tam
575 1066 768 1106 adsiduis
802 1056 977 1116 tamque
1011 1066 1187 1106 maestis
1220 1065 1390 1106 modica

121 1131 287 1172 laetitia
338 1132 596 1182 inter-icitur,
645 1132 761 1181 quod
814 1132 859 1173 C.
909 1132 1151 1173 Cominium
1200 1132 1387 1182 equitem

121 1196 375 1246 Romanum,
397 1196 592 1246 probrosi
612 1196 656 1235 in
673 1210 716 1236 se
733 1197 935 1236 carminis
951 1197 1211 1247 conuictum,
1230 1196 1389 1237 Caesar

119 1261 318 1311 precibus
355 1260 517 1311 fratris,
556 1261 629 1311 qui
668 1266 842 1301 senator
881 1266 987 1312 erat,
1023 1262 1244 1302 concessit.
1303 1276 1387 1312 quo

118 1326 256 1376 magis
282 1326 438 1365 mirum
464 1325 710 1366 habebatur
737 1341 923 1377 gnarum
950 1327 1188 1377 meliorum,
1210 1331 1253 1367 et
1277 1342 1387 1377 quae
1407 1346 1424 1378 5

118 1392 235 1432 fama
256 1392 528 1433 clementiam
550 1398 815 1443 sequeretur,
837 1394 1029 1433 tristiora
1048 1394 1189 1434 malle.
1247 1408 1386 1444 neque

118 1457 232 1497 enim
261 1457 455 1497 socordia
485 1458 716 1507 peccabat3
753 1472 830 1498 nec
860 1458 1077 1497 occultum
1107 1462 1183 1508 est,
1211 1458 1385 1508 quando

117 1536 170 1562 ex
188 1521 385 1572 ueritate,
401 1522 575 1572 quando
597 1522 857 1563 adumbrata
878 1523 1045 1563 laetitia
1064 1523 1184 1563 facta
1204 1524 1385 1574 impera-

117 1591 259 1627 torum
289 1586 574 1627 celebrentur.
631 1588 736 1637 quin
774 1588 876 1638 ipse,
908 1588 1167 1638 compositus
1202 1588 1308 1628 alias
1342 1593 1385 1628 et

115 1652 236 1692 uelut
265 1653 548 1693 eluctantium
578 1654 821 1703 uerborum,
851 1654 1031 1694 solutius
1060 1655 1383 1706 promptiusque
1405 1676 1444 1698 10

116 1718 412 1768 eloquebatur,
445 1718 644 1768 quotiens
682 1719 945 1759 subueniret.
1003 1724 1049 1759 at
1084 1719 1131 1759 P.
1169 1719 1382 1770 Suillium,

116 1788 387 1834 quaestorem
401 1782 891 1834 quondamGermanici,
906 1798 1003 1823 cum
1018 1784 1148 1824 Italia
1161 1789 1383 1824 arceretur

115 1849 338 1888 conuictus
382 1848 609 1898 pecuniam
654 1849 708 1888 ob
754 1863 845 1889 rem
889 1849 1168 1889 iudicandam
1208 1850 1380 1901 cepisse,

115 1913 403 1954 amouendum
436 1913 481 1952 in
514 1913 699 1953 insulam
733 1913 911 1964 censuit,
946 1918 1071 1953 tanta
1105 1915 1381 1955 contentione

116 1979 246 2019 animi
276 1983 323 2018 ut
352 1979 444 2018 iure
472 1979 655 2018 iurando
686 1979 976 2030 obstringeret
1006 1994 1028 2020 e
1058 1980 1307 2035 republica
1336 1981 1379 2020 id
1403 1997 1439 2030 15

116 2058 218 2084 esse.
275 2044 389 2093 quod
428 2058 577 2094 aspere
616 2050 841 2095 acceptum
876 2045 932 2085 ad
966 2059 1168 2095 praesens
1201 2060 1301 2086 mox
1335 2047 1380 2086 in

114 2109 287 2149 laudem
317 2109 448 2148 uertit
476 2107 873 2160 regresso'Suillio5
904 2125 1031 2160 quem
1058 2110 1169 2150 uidit
1198 2126 1379 2161 sequens

116 2178 234 2214 aetas
272 2178 608 2224 praepotentem,
647 2174 843 2215 uenalem
883 2179 926 2214 et
965 2174 1135 2215 Claudii
1174 2176 1378 2226 principis
