1618 2444
250 105 330 145 AB
369 104 635 146 EXOESSV
673 105 939 147 AVGVSTI
979 106 1057 146 IV.
1099 105 1257 145 10—13
1359 106 1384 144 9

116 209 375 260 principium
407 209 570 250 fauoris
599 214 642 250 et
671 214 811 250 mater
842 210 1088 261 Agrippina
1120 225 1239 261 spem
1272 211 1384 251 male
1405 225 1422 259 5

116 278 268 325 tegens
303 274 535 324 perniciem
570 274 885 314 adcelerauere.
944 290 1044 315 nam
1081 275 1275 325 Seianus,
1310 275 1382 315 ubi

120 340 238 381 uidet
275 345 458 381 mortem
496 341 627 380 Drusi
664 341 849 381 inultam
891 341 1254 391 interfectoribus,
1295 341 1385 381 sine

120 419 311 446 maerore
332 405 505 456 publico
533 420 635 455 esse,
663 405 787 446 ferox
815 406 1035 456 scelerum,
1057 410 1099 446 et
1125 406 1227 456 quia
1247 406 1385 456 prima

116 476 418 522 prouenerant,
432 472 629 512 uolutare
643 486 787 512 secum
800 486 987 521 quonam
1000 472 1126 511 modo
1139 471 1382 512 Germanici

116 536 274 577 liberos
312 541 593 587 peruerteret,
632 551 813 587 quorum
852 552 938 577 non
984 536 1117 576 dubia
1163 536 1383 576 successio.
1407 554 1442 576 10

115 617 254 653 neque
293 603 439 654 spargi
489 617 703 643 uenenum
751 602 795 641 in
842 607 930 642 tres
977 606 1159 652 poterat,
1209 601 1385 651 egregia

115 668 342 709 custodum
366 669 450 709 fide
478 673 520 709 et
544 668 752 720 pudicitia
773 668 1044 718 Agrippinae
1065 666 1383 717 inpenetrabili.

114 734 249 785 igitur
279 735 594 775 contumaciam
626 735 717 775 eius
752 734 969 784 insectari,
1000 738 1125 774 uetus
1156 734 1384 783 Augustae

114 799 272 850 odium,
320 804 537 840 recentem
585 800 735 840 Liuiae
791 799 1097 839 conscientiam
1146 799 1382 849 exagitare,

114 870 163 905 ut
213 865 444 916 superbam
494 864 778 914 fecunditate,
826 864 1055 905 subnixam
1103 863 1383 914 popularibus
1406 879 1442 913 15

112 929 266 970 studiis
278 929 445 970 inhiare
461 929 745 969 dominationi
761 929 877 980 apud
892 929 1121 970 Caesarem
1134 932 1381 978 arguerent.

114 1000 246 1047 atque
275 997 383 1036 haec
411 996 579 1036 callidis
606 996 968 1046 criminatoribus,
997 996 1110 1035 inter
1136 1010 1242 1045 quos
1269 994 1382 1035 dele-

113 1067 238 1114 gerat
272 1062 432 1102 Iulium
472 1063 736 1112 Postumum,
768 1077 845 1113 per
883 1061 1146 1102 adulterium
1184 1061 1382 1101 Mutiliae

112 1129 284 1169 Priscae
322 1127 436 1168 inter
473 1128 646 1168 intimos
687 1128 811 1167 auiae
851 1132 893 1167 et
939 1127 1126 1167 consiliis
1166 1126 1251 1165 suis
1289 1141 1382 1176 per-

110 1194 313 1234 idoneum
348 1193 469 1243 (quia
504 1192 653 1249 Prisca
692 1192 737 1232 in
775 1192 918 1232 animo
948 1193 1176 1242 Augustae
1212 1191 1378 1239 ualida)
1402 1206 1443 1228 20

113 1273 244 1298 anum
271 1262 422 1308 suapte
448 1262 607 1297 natura
634 1258 852 1308 potentiae
882 1258 1056 1297 anxiam
1087 1257 1381 1297 insociabilem

112 1323 241 1363 nurui
279 1322 504 1363 efficiebat.
562 1322 831 1372 Agrippinae
865 1337 1035 1372 quoque
1069 1321 1253 1372 proximi
1287 1321 1382 1361 inli-

111 1388 340 1429 ciebantur
372 1387 518 1438 prauis
552 1387 820 1427 sermonibus
854 1387 1042 1427 tumidos
1076 1387 1250 1438 spiritus
1289 1404 1382 1439 per-

111 1454 346 1494 stimulare.

195 1519 266 1562 13.
323 1518 385 1557 At
423 1517 619 1558 Tiberius
658 1517 765 1557 nihil
796 1517 1041 1557 intermissa
1080 1532 1224 1557 rerum
1264 1533 1380 1568 cura,

111 1583 287 1634 negotia
326 1598 402 1634 pro
442 1583 611 1623 solaciis
648 1583 876 1633 accipiens,
915 1583 981 1622 ius
1020 1583 1193 1633 ciuium,
1234 1599 1381 1634 preces

111 1647 323 1688 sociorum
360 1648 602 1696 tractabat;
651 1647 855 1697 factaque
901 1652 1078 1688 auctore
1118 1663 1167 1689 eo
1207 1654 1382 1690 senatus

112 1712 320 1762 consulta,
335 1716 382 1752 ut
396 1712 563 1751 ciuitati
578 1711 854 1763 Cibyraticae
868 1713 983 1763 apud
997 1714 1159 1763 Asiam,
1175 1715 1381 1765 Aegiensi

112 1778 229 1829 apud
248 1777 475 1827 Achaiam,
497 1781 617 1817 motu
644 1781 785 1818 terrae
813 1778 1054 1829 labefactis,
1077 1779 1382 1820 subueniretur
1402 1790 1418 1823 5

112 1843 360 1885 remissione
386 1843 540 1883 tributi
566 1843 610 1882 in
638 1844 883 1884 triennium.
942 1849 985 1884 et
1011 1844 1167 1885 Vibius
1196 1845 1382 1886 Serenus

113 1925 190 1961 pro
232 1909 405 1949 consule
455 1909 669 1949 ulterioris
716 1909 969 1960 Hispaniae,
1017 1910 1070 1950 de
1117 1910 1159 1949 ui
1208 1911 1382 1961 publica

114 1973 357 2022 damnatus,
379 1972 433 2013 ob
461 1973 735 2013 atrocitatem
754 1988 923 2013 morum
948 1974 992 2013 in
1020 1974 1206 2013 insulam
1226 1976 1381 2015 Amor-

115 2053 217 2089 gum
238 2037 503 2088 deportatur.
563 2037 782 2078 Carsidius
801 2039 1023 2089 Sacerdos,
1040 2053 1137 2079 reus
1158 2043 1378 2090 tamquam

112 2103 330 2143 frumento
360 2102 525 2142 hostem
555 2103 875 2144 Tacfarinatem
905 2104 1096 2153 iuuisset,
1126 2104 1378 2155 absolustur,
1403 2128 1441 2150 10

114 2168 389 2218 eiusdemque
428 2167 618 2207 criminis
653 2167 698 2209 C.
734 2168 968 2208 Gracchus.
1025 2169 1141 2208 hunc
1180 2169 1379 2209 comitem
