1618 2444
244 104 323 144 AB
362 103 627 144 EXGEssV
665 103 930 143 Avevs'ri
971 102 1048 142 IV.
1087 102 1247 141 24—28
1334 101 1381 140 19

116 207 363 248 faciendum
384 208 540 259 populo
562 208 756 248 Romano
777 207 963 247 miserat.
1021 206 1206 257 cognitis
1225 205 1382 245 dehinc

118 272 354 312 Ptolemaei
375 287 451 323 per
470 272 515 312 id
535 272 699 312 bellum
719 272 884 321 studiis,
905 272 1115 322 repetitus
1136 286 1189 310 ex
1211 274 1381 310 uetusto
1405 283 1442 307 10

116 352 233 377 more
259 338 406 387 honos,
435 338 671 388 missusque
699 352 720 377 e
748 337 1019 377 senatoribus
1046 337 1119 386 qui
1150 336 1382 386 scipionem

116 404 342 454 eburnum,
376 409 524 455 togam
558 404 731 455 pictam,
766 404 945 454 antiqua
981 408 1154 454 patrum
1188 416 1381 451 munera,

116 468 240 509 daret
260 484 492 519 regemque
513 474 556 509 et
577 469 738 509 socium
758 473 888 518 atque
909 468 1095 508 amicum
1115 467 1367 518 appellaret.

195 534 269 577 27.
327 534 491 574 Eadem
530 538 695 573 aestate
735 538 851 572 mota
890 548 966 583 per
1004 533 1179 572 Italiam
1214 532 1382 572 seruilis

115 599 215 638 belli
264 599 426 639 semina
472 601 561 638 fors
609 599 830 649 oppressit.
889 603 1040 638 auctor
1084 598 1296 637 tumultus
1335 598 1380 637 T.

114 663 337 714 Curtisius,
358 663 575 714 quondam
604 663 845 713 praetoriae
874 663 1062 703 cohortis
1088 663 1222 711 miles,
1244 663 1381 713 primo

113 729 305 769 coetibus
322 728 602 768 clandestinis
618 727 734 778 apud
750 728 1029 767 Brundisium
1047 732 1089 767 et
1106 727 1381 767 circumiecta

113 793 283 843 oppida,
311 808 410 832 mox
438 792 585 843 positis
613 792 835 842 propalam
864 792 1021 832 libellis
1047 791 1103 831 ad
1135 792 1381 832 libertatem
1402 803 1419 837 5

114 858 299 897 uocabat
338 857 527 907 agrestia
566 871 641 907 per
680 857 939 906 l‹.›nginquos
973 857 1108 896 saltus
1143 865 1185 896 et
1219 856 1381 896 ferocia

114 923 303 972 seruitia,
334 937 431 962 cum
464 923 581 962 uelut
609 937 787 962 munere
818 922 947 961 deum
977 927 1064 962 tres
1094 922 1277 962 biremes
1307 921 1381 961 ad-

113 988 259 1038 pulere
304 987 359 1027 ad
406 1002 506 1027 usus
545 988 877 1027 commeantium
916 987 988 1027 illo
1028 987 1148 1026 mari.
1207 992 1249 1026 et
1288 991 1381 1026 erat

112 1052 246 1092 isdem
260 1053 508 1102 regionibus
523 1053 673 1093 Cutius
688 1054 834 1104 Lupus
847 1059 1061 1103 quaestor,
1076 1053 1144 1093 cui
1158 1053 1381 1103 prouincia

114 1108 259 1158 uetere
287 1134 339 1158 ex
368 1133 483 1158 more
511 1119 641 1158 calles
668 1124 926 1159 euenerant:
958 1119 992 1158 is
1020 1119 1225 1169 disposita
1253 1118 1380 1158 class·
1403 1128 1442 1152 10

114 1183 320 1224 iariorum
359 1185 481 1234 copia
520 1189 793 1235 coeptantem
833 1199 930 1224 cum
965 1184 1150 1225 maxime
1186 1184 1381 1224 coniura-

113 1249 273 1290 tionem
295 1250 474 1290 disiecit.
524 1251 760 1301 missusque
781 1266 806 1291 a
828 1251 1011 1291 Caesare
1033 1265 1212 1301 propere
1235 1250 1381 1291 Staius

114 1315 313 1355 tribunus
334 1331 430 1356 cum
452 1317 598 1356 ualida
619 1332 749 1356 manu
771 1317 924 1356 ducem
945 1317 1084 1367 ipsum
1101 1321 1141 1356 et
1164 1315 1380 1366 proximos

112 1380 296 1420 audacia
324 1381 368 1420 in
396 1382 548 1421 urbem
574 1382 722 1431 traxit,
749 1382 834 1421 iam
863 1381 1077 1431 trepidam
1104 1382 1158 1421 ob
1186 1381 1380 1420 multitu-

113 1446 256 1486 dinem
276 1446 553 1494 familiarum,
575 1462 686 1497 quae
708 1447 920 1497 gliscebat
940 1447 1194 1495 inmensum,
1215 1446 1378 1486 minore
1402 1455 1438 1490 15

112 1510 156 1550 in
177 1510 267 1550 dies
287 1511 411 1561 plebe
431 1511 634 1561 ingenua.

194 1576 266 1619 28.
324 1576 468 1616 Isdem
503 1577 750 1617 consulibus
784 1577 1054 1617 miseriarum
1088 1591 1138 1617 ac
1173 1576 1379 1617 saeuitiae

114 1641 357 1690 exemplum
383 1646 521 1691 atrox,
543 1656 641 1681 reus
662 1647 798 1692 pater,
820 1646 1047 1681 accusator
1067 1642 1180 1681 filius
1204 1642 1378 1689 (nomen

115 1704 284 1754 utrique
318 1705 474 1744 Vibius
510 1705 715 1752 Serenus)
753 1706 796 1745 in
832 1710 1030 1745 senatum
1063 1705 1231 1745 inducti
1265 1710 1377 1745 sunt.

116 1770 170 1809 ab
199 1770 327 1810 exilio
355 1775 569 1810 retractus
588 1771 837 1821 inluuieque
859 1786 908 1812 ac
931 1772 1129 1821 squalore
1151 1771 1316 1811 obsitus
1336 1776 1379 1810 et

112 1840 205 1874 tum
239 1840 392 1876 catena
428 1837 598 1876 uinctus
633 1842 756 1887 pater
790 1838 931 1877 oranti
967 1838 1053 1877 filio
1088 1842 1377 1888 comparatur.
1399 1855 1416 1890 5

112 1901 364 1941 adulescens
399 1902 544 1941 multis
578 1902 814 1953 munditiis,
850 1903 985 1943 alacri
1019 1903 1157 1953 uultu,
1189 1907 1378 1943 structas

112 1965 295 2016 principi
321 1966 512 2014 insidias,
543 1967 692 2007 missos
718 1967 763 2006 in
790 1967 977 2007 Galliam
1005 1967 1245 2007 concitores
1274 1967 1377 2007 belli

112 2030 242 2070 index
275 2031 389 2071 idem
424 2036 467 2071 et
501 2031 622 2071 testis
653 2032 849 2081 dicebat3
894 2032 1243 2082 adnectebatque
1274 2033 1378 2074 Cae-

111 2095 257 2134 cilium
271 2095 509 2136 Cornutum
524 2098 788 2147 praetorium
801 2097 1112 2137 ministrauisse
1126 2098 1353 2147 pecuniam
1367 2116 1375 2148 3

110 2159 183 2208 qui
218 2159 361 2199 taedio
397 2174 610 2209 curarum,
648 2166 690 2200 et
724 2161 826 2211 quia
860 2161 1096 2211 periculum
1135 2176 1210 2211 pro
1246 2163 1376 2203 exitio
1399 2180 1438 2202 10

1192 2238 1283 2269 2——2
