1618 2444
223 91 275 129 :32
596 91 879 132 CORNELII
917 92 1117 133 TAUITI

224 195 270 235 L.
306 195 534 236 Domitius.
594 197 777 236 Lentulo
807 212 935 248 super
965 198 1236 238 consulatum
1268 204 1311 238 et
1340 199 1490 238 trium-

222 262 369 313 phalia
383 262 435 303 de
449 262 570 303 Getis
583 263 746 313 gloriae
760 263 905 303 fuerat
917 263 1028 304 bene
1042 264 1227 304 tolerata
1245 268 1490 315 paupertas,

222 328 322 368 dein
368 343 552 378 magnae
596 343 696 379 opes
734 328 988 369 innocenter
1028 334 1178 379 partae
1217 334 1261 370 et
1299 329 1491 370 modeste

184 392 409 438 shabitae.
485 393 719 433 Domitium
767 393 991 433 decorauit
1039 398 1161 444 pater
1210 395 1327 435 ciuili
1375 395 1490 435 bello

220 459 350 498 maris
378 464 541 509 potens,
563 459 699 499 donec
728 459 909 499 Antonii
936 459 1146 509 partibus,
1168 475 1267 499 mox
1294 460 1490 501 Caesaris

220 523 483 564 misceretur.
541 539 648 564 auus
682 524 933 563 Pharsalica
967 524 1057 564 acie
1092 539 1169 575 pro
1208 525 1489 575 optimatibus

219 589 448 629 ceciderat.
497 589 586 639 ipse
607 589 813 638 delectus,
835 589 901 629 cui
925 589 1063 629 minor
1084 590 1289 639 Antonia,
1307 590 1489 631 Octauia

219 656 379 706 genita,
400 655 444 695 in
460 656 782 695 matrimonium
800 655 990 705 daretur,
1008 660 1103 706 post
1120 656 1311 696 exercitu
1330 657 1486 697 flumen

161 730 200 752 10
218 720 367 760 Albim
385 721 668 771 transcendit,
681 721 853 771 longius
870 726 1096 771 penetrata
1113 720 1344 762 Germania
1358 738 1487 772 quam

217 787 444 837 quisquam
474 787 678 837 priorum,
701 802 859 837 easque
890 787 944 827 ob
972 802 1039 827 res
1066 788 1252 837 insignia
1280 789 1487 840 triumphi

217 853 401 903 adeptus
422 858 497 893 est.
556 853 663 893 obiit
683 858 726 893 et
747 854 793 893 L.
816 853 1046 903 Antonius,
1068 854 1206 893 multa
1227 854 1486 894 claritudine

217 919 399 969 generis,
417 919 491 959 sed
507 919 771 970 inprospera.
820 933 920 958 nam
937 923 1060 968 patre
1077 919 1166 958 eius
1184 919 1278 958 Iulo
1295 919 1486 959 Antonio

216 985 270 1024 ob
301 984 563 1025 adulterium
594 985 731 1025 Iuliae
762 989 899 1025 morte
930 985 1080 1035 punito
1108 985 1223 1025 hunc
1251 984 1485 1025 admodum

160 1066 195 1098 15
216 1050 602 1100 adulescentulum,
628 1050 784 1090 sororis
809 1053 1022 1099 nepotem,
1045 1050 1233 1100 seposuit
1259 1050 1485 1101 Augustus

214 1114 258 1154 in
304 1115 526 1155 ciuitatem
573 1115 898 1163 Massiliensem,
939 1114 1011 1154 ubi
1058 1114 1197 1164 specie
1243 1115 1482 1155 studiorum

214 1195 371 1220 nomen
415 1180 529 1220 exilii
577 1185 810 1231 tegeretur.
868 1180 1044 1219 habitus
1088 1184 1234 1220 tamen
1274 1181 1483 1231 supremis

214 1246 362 1296 honor,
397 1261 576 1296 ossaque
615 1246 780 1286 tumulo
816 1246 1095 1286 Octauiorum
1130 1246 1268 1286 inlata
1302 1261 1378 1297 per
1411 1247 1482 1287 de-

213 1316 379 1352 cretum
408 1316 594 1352 senatus.

292 1377 368 1422 45.
425 1378 570 1418 Isdem
598 1378 845 1418 consulibus
871 1378 1041 1417 facinus
1068 1382 1193 1417 atrox
1218 1378 1263 1417 in
1284 1377 1481 1419 citeriore

213 1445 426 1495 Hispania
453 1444 686 1484 admissum
715 1460 739 1484 a
767 1444 955 1495 quodam
982 1444 1145 1494 agresti
1171 1444 1358 1484 nationis
1381 1445 1481 1485 Ter-

212 1510 432 1550 mestinae.
490 1511 524 1550 is
546 1515 788 1561 praetorem
809 1510 1056 1561 prouinciae
1078 1510 1124 1549 L.
1143 1510 1352 1559 Pisonem,
1374 1525 1480 1561 pace

211 1575 486 1625 incuriosum,
526 1591 579 1616 ex
624 1576 843 1626 inprouiso
888 1576 931 1615 in
977 1576 1132 1615 itinere
1177 1576 1355 1616 adortus
1394 1590 1478 1616 uno

174 1654 190 1688 5
212 1641 390 1681 uulnere
434 1641 477 1680 in
523 1646 705 1682 mortem
750 1641 934 1689 adfecit;
983 1656 1033 1681 ac
1080 1641 1336 1691 pernicitate
1380 1640 1479 1691 equi

210 1706 433 1757 profugus,
450 1711 677 1757 postquam
698 1708 907 1747 saltuosos
928 1707 1042 1747 locos
1063 1707 1285 1757 attigerat,
1303 1706 1476 1746 dimisso

211 1787 320 1822 equo
351 1787 426 1823 per
455 1773 640 1823 derupta
674 1778 717 1813 et
747 1773 845 1812 auia
878 1777 1106 1822 sequentes
1135 1772 1370 1812 frustratus
1399 1776 1476 1812 est.

211 1852 350 1888 neque
377 1837 449 1877 diu
477 1837 657 1887 fefellit;
688 1853 802 1887 nam,
824 1853 978 1888 prenso
1003 1838 1218 1888 ductoque
1240 1852 1314 1888 per
1336 1837 1476 1887 proxi-

210 1917 301 1942 mos
328 1917 462 1953 pagos
489 1918 611 1953 equo,
634 1903 754 1942 cuius
780 1902 895 1943 foret
922 1903 1155 1952 cognitum.
1212 1908 1256 1943 et
1281 1907 1477 1953 repertus

153 1985 190 2008 10
211 1982 308 2007 cum
324 1968 550 2007 tormentis
567 1967 694 2007 edere
711 1967 901 2007 conscios
917 1968 1178 2017 adigeretur,
1195 1982 1300 2007 uoce
1316 1982 1476 2017 magna

210 2047 404 2073 sermone
446 2034 587 2084 patrio
626 2033 791 2072 frustra
830 2047 873 2073 se
912 2033 1170 2084 interrogari
1212 2033 1477 2073 clamitauit:

209 2098 469 2138 adsisterent
496 2099 597 2138 socii
624 2112 673 2138 ac
703 2102 973 2148 spectarent3
1003 2099 1167 2138 nullam
1194 2098 1282 2137 uim
1306 2102 1474 2138 tantam

209 2164 367 2204 doloris
411 2163 503 2203 fore
543 2168 591 2203 ut
629 2163 856 2204 ueritatem
898 2163 1084 2205 eliceret.
1141 2163 1338 2213 idemque
1378 2178 1472 2203 cum
