1618 2444
251 82 331 122 AB
371 79 637 121 EXCESSV
677 79 942 120 AVGVSTI
982 80 1061 120 IV.
1101 78 1259 120 62—67
1343 77 1394 118 47

124 185 290 237 ignium
335 186 401 226 bis
446 186 637 236 elapsam
675 185 858 225 maiores
897 185 1013 235 apud
1053 185 1205 225 aedem
1244 184 1396 224 matris

127 252 255 293 deum
276 251 605 292 consecrauisse.
655 256 826 291 sanctos
842 256 1126 301 acceptosque
1148 249 1397 289 numinibus

128 317 332 358 Claudios
376 321 419 357 et
457 316 704 367 augendam
742 317 1047 356 caerimoniam
1086 317 1190 366 loco,
1230 316 1274 355 in
1313 330 1396 366 quo

127 386 299 423 tantum
327 382 371 422 in
400 381 637 432 principem
666 381 873 421 honorem
904 381 947 420 di
977 381 1256 421 ostenderint.

211 448 284 491 65,
341 446 475 486 Haud
493 446 627 487 fuerit
647 446 884 486 absurdum
906 447 1077 487 tradere
1094 452 1284 487 montem
1299 461 1397 486 eum

129 512 368 563 antiquitus
390 511 792 562 Querquetulanum
812 516 1098 561 cognomento
1118 512 1262 561 fuisse,
1283 511 1397 561 quod

129 578 229 619 talis
255 577 388 618 siluae
412 577 616 628 frequens
636 577 934 627 fecundusque
955 582 1061 627 erat,
1082 592 1182 616 mox
1203 576 1397 617 Caelium

130 644 432 696 appellitatum
452 658 478 683 a
499 642 627 683 Caele
648 643 863 692 Vibenna,
882 642 954 692 qui
975 642 1065 681 dux
1087 642 1229 691 gentis
1250 641 1398 681 Etrus-

131 725 206 751 cae
233 724 330 750 cum
357 708 567 748 auxilium
594 708 865 758 portauisset,
887 708 1032 748 sedem
1057 722 1151 747 eam
1172 712 1399 758 acceperat

131 792 156 817 a
176 775 409 826 Tarquinio
430 774 590 824 Prisco,
613 789 686 814 seu
707 775 802 824 quis
823 774 932 813 alius
952 788 1104 824 regum
1125 773 1245 813 dedit
1260 787 1269 820 3
1298 789 1398 813 nam

132 841 361 891 scriptores
398 839 444 878 in
478 853 526 879 eo
561 838 834 879 dissentiunt.
893 843 1037 878 cetera
1071 853 1157 878 non
1192 838 1398 888 ambigua

132 911 244 957 sunt,
278 919 459 956 magnas
498 919 570 945 eas
605 904 748 955 copias
782 920 857 955 per
892 905 1022 955 plana
1057 904 1187 944 etiam
1221 919 1271 944 ac
1304 904 1399 944 foro

132 970 372 1022 propinqua
398 969 676 1018 habitauisse,
700 969 815 1010 unde
843 970 1028 1009 Tuscum
1054 969 1199 1009 uicum
1226 984 1247 1009 e
1275 984 1399 1010 uoca-

133 1037 234 1078 bulo
255 1035 525 1076 aduenarum
546 1034 723 1074 dictum.

214 1103 286 1146 66.
346 1101 431 1142 Sed
459 1105 507 1140 ut
527 1100 671 1140 studia
692 1115 916 1151 procerum
938 1105 980 1140 et
1000 1100 1175 1150 largitio
1196 1101 1400 1151 principis

133 1167 364 1207 aduersum
395 1180 518 1206 casus
548 1166 753 1206 solacium
780 1166 985 1216 tulerant,
1012 1166 1073 1205 ita
1100 1171 1399 1206 accusatorum

133 1232 270 1272 maior
294 1231 339 1271 in
366 1231 457 1271 dies
484 1235 526 1271 et
553 1230 750 1271 infestior
770 1231 834 1271 uis
856 1231 945 1271 sine
967 1232 1211 1271 leuamento
1233 1246 1400 1281 grassa-

133 1299 287 1343 batur3
326 1297 679 1347 corripueratque
713 1296 880 1336 Varum
917 1296 1185 1347 Quintilium,
1221 1297 1400 1337 diuitem

1420 196 1455 230 15

1424 1046 1461 1067 10

133 1368 177 1404 et
222 1362 397 1404 Caesari
434 1362 736 1412 propinquum,
777 1361 992 1401 Domitius
1030 1362 1152 1411 Afer,
1193 1361 1400 1403 Claudiae
1421 1377 1438 1410 5

134 1429 348 1470 Pulchrae
386 1428 537 1467 matris
575 1428 665 1467 eius
704 1427 1027 1477 condemnator,
1063 1428 1181 1467 nullo
1215 1428 1400 1467 mirante

135 1495 251 1546 quod
281 1494 356 1534 diu
386 1508 518 1544 egens
547 1497 589 1533 et
619 1498 744 1543 parto
772 1508 910 1543 nuper
940 1494 1129 1544 praemio
1159 1494 1270 1534 male
1301 1509 1402 1533 usus

136 1561 261 1611 plura
309 1559 365 1599 ad
414 1558 580 1608 flagitia
628 1558 941 1607 accingeretur.
1033 1559 1079 1599 Ρ.
1129 1560 1400 1599 Dolabellam

136 1626 297 1666 socium
325 1625 554 1665 delationis
578 1624 771 1664 extitisse
798 1624 1005 1665 miraculo
1027 1630 1132 1676 erat,
1153 1626 1254 1676 quia
1275 1626 1402 1666 claris

136 1691 370 1731 maioribus
404 1694 447 1730 et
480 1689 599 1730 Varo
630 1703 818 1729 conexus
848 1704 969 1729 suam
998 1690 1088 1741 ipse
1117 1691 1400 1741 nobilitatem,

138 1771 261 1796 suum
288 1754 542 1805 sanguinem
570 1753 786 1804 perditum
814 1754 918 1794 ibat.
975 1755 1135 1795 restitit
1165 1759 1310 1795 tamen
1340 1770 1402 1795 se-

137 1824 265 1860 natus
304 1824 347 1859 et
386 1817 696 1869 opperiendum
734 1818 1039 1868 imperatorem
1073 1820 1252 1870 censuit,
1287 1821 1401 1870 quod

138 1901 271 1925 unum
309 1883 588 1935 urguentium
627 1884 837 1923 malorum
877 1885 1113 1935 suffugium
1150 1885 1195 1924 in
1234 1889 1402 1936 tempus

139 1955 244 1991 erat.

222 2014 293 2058 67.
350 2015 411 2054 At
426 2013 597 2064 Caesar,
611 2013 822 2054 dedicatis
835 2028 910 2064 per
925 2013 1206 2064 Campaniam
1219 2015 1402 2065 templis,

140 2093 402 2130 quamquam
435 2078 576 2119 edicto
610 2078 855 2128 monuisset,
886 2093 939 2118 ne
973 2078 1067 2128 quis
1097 2079 1285 2128 quietem
1313 2080 1403 2119 eius

140 2145 417 2193 inrumperet,
465 2157 780 2194 concursusque
832 2143 1145 2194 oppidanorum
1198 2143 1402 2194 disposito

1426 1707 1462 1729 10
