1618 2444
227 88 279 128 48
416 88 496 127 AB
535 88 800 128 EXCESSV
842 87 1107 129 AVGVSTI
1148 88 1225 128 IV.
1264 88 1315 128 67

227 194 363 234 milite
401 193 747 244 prohiberentur,
783 207 960 243 perosus
999 197 1145 233 tamen
1184 194 1418 245 municipia
1456 199 1499 235 et

189 275 205 308 5
228 259 416 299 colonias
445 258 673 308 omniaque
702 258 746 297 in
775 258 1014 298 continenti
1042 258 1136 309 sita,
1167 258 1358 310 Capreas
1384 274 1428 300 se
1453 259 1498 300 in

226 324 411 364 insulam
451 323 633 372 abdidit,
673 323 805 362 trium
844 323 1009 362 milium
1047 323 1160 363 freto
1199 324 1254 363 ab
1295 324 1498 365 extremis

229 390 473 431 Surrentini
494 389 783 440 promunturii
804 389 1056 429 diiunctam.
1109 390 1387 430 solitudinem
1402 380 1499 431 *eius

227 457 438 508 placuisse
464 455 652 495 maxime
679 454 949 504 crediderim,
971 456 1175 505 quoniam
1200 456 1498 506 inportuosum

227 524 342 564 circa
371 537 489 562 mare
518 526 561 562 et
590 522 665 561 uix
696 521 874 561 modicis
902 522 1089 572 nauigiis
1116 537 1254 573 pauca
1282 523 1474 563 subsidia
1490 536 1499 568 3

170 605 208 627 10
226 602 365 638 neque
393 586 611 637 adpulerit
632 587 860 637 quisquam
880 587 962 626 nisi
984 601 1121 637 gnaro
1143 587 1332 627 custode.
1390 587 1498 627 caeli

228 653 456 703 temperies
488 653 628 692 hieme
668 652 784 691 mitis
822 652 995 693 obiectu
1034 654 1204 703 montis,
1244 668 1328 704 quo
1368 668 1498 693 saeua

228 723 457 758 uentorum
484 722 690 757 arcentur
705 730 714 763 3
745 722 886 757 aestas
912 718 957 757 111
985 718 1227 758 Fauonium
1251 718 1435 758 obuersa
1455 722 1498 758 et

227 788 377 834 aperto
407 783 569 823 circum
599 783 754 833 pelago
784 797 1067 833 peramoena3
1106 783 1498 834 prospectabatque

227 848 564 900 pulcherrimum
617 848 770 897 sinum,
819 852 1053 898 antequam
1106 848 1323 889 Vesuuius
1376 862 1499 888 mons

170 931 206 963 15
227 914 457 954 ardescens
483 912 639 952 facien]
667 913 749 952 loci
770 917 972 953 uerteret.
1029 913 1217 954 Graecos
1238 928 1288 954 ea
1309 913 1498 954 tenuisse

228 979 501 1030 Capreasque
518 977 714 1017 Telebois
733 977 955 1018 habitatas
974 978 1092 1018 fama
1112 979 1259 1018 tradit.
1309 978 1384 1019 sed
1405 983 1497 1018 tum

227 1045 424 1085 Tiberius
458 1043 685 1083 duodecim
720 1042 923 1082 uillarum
956 1043 1204 1083 nominibus
1237 1048 1280 1084 et
1313 1043 1498 1084 molibus

227 1110 458 1159 insederat,
489 1113 652 1159 quanto
687 1108 882 1147 intentus
916 1108 1018 1148 olim
1047 1108 1244 1159 publicas
1273 1108 1329 1148 ad
1359 1122 1496 1158 curas,

227 1180 350 1216 tanto
375 1174 631 1215 occultiores
652 1173 696 1212 111
716 1173 846 1212 luxus
867 1177 910 1213 et
930 1173 1093 1213 malum
1115 1173 1251 1213 otium
1271 1174 1496 1215 resolutus.

167 1255 208 1276 20
227 1241 432 1280 manebat
458 1239 616 1289 quippe
644 1238 933 1288 suspicionum
962 1243 1004 1278 et
1031 1238 1236 1278 credendi
1263 1239 1496 1288 temeritas,

227 1322 357 1357 quam
393 1305 575 1346 Seianus
609 1318 770 1354 augere
805 1303 935 1343 etiam
969 1303 1014 1343 in
1044 1304 1150 1344 urbe
1180 1309 1326 1344 suetus
1355 1304 1497 1345 acrius

227 1372 437 1412 turbabat
463 1385 550 1410 non
575 1370 661 1409 iam
689 1369 868 1409 occultis
892 1368 1124 1408 aduersum
1145 1368 1434 1419 Agrippinam
1454 1374 1497 1410 et

228 1438 446 1478 Neronem
484 1435 663 1475 insidiis.
721 1434 816 1484 quis
850 1433 1025 1473 additus
1059 1433 1180 1474 miles
1214 1434 1399 1485 nuntios,
1433 1435 1496 1475 in-

228 1502 395 1550 troitus,
431 1504 583 1551 aperta
617 1503 783 1539 secreta-
818 1498 938 1538 uelut
972 1498 1017 1537 in
1052 1499 1230 1539 annales
1265 1498 1496 1550 referebat,

168 1576 205 1610 25
229 1568 427 1616 ultroque
473 1565 755 1605 struebantur
798 1563 871 1613 qui
910 1568 1134 1603 monerent
1171 1564 1402 1614 perfugere
1440 1565 1496 1605 ad

228 1631 485 1673 Germaniae
525 1629 740 1670 exercitus
778 1628 847 1668 uel
882 1628 1161 1668 celeberrimo
1194 1628 1278 1668 fori
1311 1629 1496 1679 effigiem

229 1698 318 1738 diui
369 1696 560 1746 Augusti
611 1695 814 1745 amplecti
861 1694 1153 1745 populumque
1201 1709 1251 1735 ac
1299 1700 1497 1736 senatum

228 1762 389 1803 auxilio
410 1775 578 1801 uocare.
618 1775 753 1810 eaque
775 1765 920 1810 spreta
941 1759 996 1799 ab
1017 1760 1115 1810 illis,
1138 1760 1258 1801 uelut
1277 1766 1495 1812 pararent,

228 1827 540 1868 obiciebantur.
