1618 2444
238 109 316 148 AB
356 107 621 149 EXCESSV
659 106 923 147 AVGVs'rI
964 105 1042 145 IV.
1082 104 1242 144 31—33
1325 102 1377 142 23

109 227 198 252 rem
225 212 369 263 fuerit,
390 214 491 263 quia
518 213 644 264 pauci
672 211 904 263 prudentia
932 211 1113 251 honesta
1140 209 1195 249 ab
1221 208 1377 249 deteri-

110 277 267 328 oribus,
297 278 421 318 utilia
455 278 509 318 ab
544 278 685 317 noxiis
719 277 984 327 discernunt,
1018 277 1161 326 plures
1195 274 1377 314 alioruin

110 343 275 382 euentis
292 342 512 383 docentur.
552 347 741 383 ceterum
758 347 806 382 ut
822 341 1063 392 profutura,
1078 340 1138 379 ita
1154 339 1377 379 minimum

110 407 410 447 oblectationis
426 407 643 447 adferunt.
684 422 785 447 nain
799 407 906 447 situs
920 407 1129 457 gentium,
1144 405 1378 445 uarietates

110 475 380 525 proeliorum,
417 474 520 514 clari
561 474 719 514 (lucum
754 474 896 513 exitus
929 474 1119 513 retinent
1152 486 1201 512 ac
1236 471 1378 511 redin-

109 544 286 589 tegrant
315 539 552 590 legentium
587 539 790 579 animum.
848 554 925 579 nos
960 554 1089 578 saeua
1122 539 1249 589 iussa,
1280 552 1377 578 con-

110 604 254 644 tinuas
300 605 607 653 accusationes,
652 604 831 645 fallaces
875 605 1099 654 amicitias,
1144 603 1377 654 perniciem

110 671 403 711 innocentium
441 676 484 711 et
518 671 690 711 easdem
723 671 842 711 exitu
878 685 1029 711 causas
1063 669 1376 719 coniungimus,

110 736 238 776 obuia
279 751 422 776 rerum
461 736 741 776 similitudine
780 741 823 777 et
861 737 1072 776 satietate.
1130 740 1223 775 tuin
1261 734 1376 785 quod

109 800 298 850 antiquis
325 800 605 850 scriptoribus
632 815 755 840 rarus
782 801 1062 851 obtrectator,
1083 814 1222 850 neque
1243 799 1376 840 refert

110 865 362 915 cuiusquam
376 865 562 905 Punicas
576 865 850 905 Romanasne
864 865 1142 905 acieslaetius
1151 864 1358 905 extuleris
1365 881 1374 912 ;

109 934 154 969 at
177 929 422 980 multorum,
444 930 518 980 qui
538 930 708 969 Tiberio
730 934 908 980 regente
929 944 1111 980 poenam
1133 930 1200 970 uel
1222 929 1375 969 infam-

109 994 172 1034 ias
210 995 390 1044 subiere,
426 996 586 1045 posteri
620 1000 808 1035 manent.
867 1000 999 1045 utque
1033 994 1224 1035 familiae
1256 994 1374 1045 ipsae

108 1060 194 1100 iam
233 1061 450 1100 extinctae
490 1061 587 1110 sint,
619 1060 807 1111 reperias
845 1061 918 1110 qui
957 1061 1010 1099 ob
1050 1061 1374 1101 similitudinem

109 1141 275 1166 morum
296 1126 437 1166 aliena
457 1125 689 1166 malefacta
710 1126 791 1165 sibi
807 1126 1013 1166 obiectari
1029 1130 1195 1176 putent.
1244 1127 1374 1166 etiam

109 1192 247 1241 gloria
267 1207 316 1232 ac
337 1192 475 1232 uirtus
490 1191 680 1232 infensos
696 1192 841 1241 habet,
860 1196 906 1230 ut
922 1192 1048 1231 nimis
1065 1206 1117 1231 ex
1134 1192 1374 1242 propinquo

109 1257 280 1297 diuersa
300 1271 498 1308 arguens.
556 1257 631 1297 sed
652 1256 707 1296 ad
727 1257 946 1306 inceptum
966 1256 1107 1297 redeo.

1401 482 1437 515 15

1396 813 1437 835 20

1395 1143 1434 1176 25
