1618 2444
262 84 336 124 AB
376 84 641 125 EXGESSV
682 84 946 125 AVGVSTI
987 85 1064 125 IV.
1103 85 1264 124 41—44
1347 85 1394 125 31

131 189 339 230 Lentulus
381 188 632 229 Gaetulicus
670 189 818 229 consul
858 189 1112 240 designatus
1150 190 1246 240 lege
1286 190 1398 230 Iulia

130 254 388 304 damnasset,
433 254 561 294 exilio
609 254 779 305 puniuit
828 254 1122 305 Apidiumque
1170 256 1397 307 Merulam,

129 319 245 370 quod
291 320 335 359 in
379 323 477 359 acta
521 319 610 358 diui
654 320 845 370 Augusti
889 335 975 360 non
1020 321 1252 371 iurauerat,
1299 321 1398 360 albo

129 384 343 424 senatorio
373 384 516 423 erasit.

209 449 284 493 43.
342 449 533 489 Auditae
561 449 716 489 dehinc
746 450 1186 490 Lacedaemoniorum
1214 456 1255 491 et
1287 451 1398 491 Mes-

129 515 343 555 seniorum
377 515 616 564 legationes
646 514 698 554 de
728 515 820 555 iure
849 516 997 566 templi
1030 516 1196 555 Dianae
1227 516 1398 555 Limna-

129 580 241 630 tidis,
262 579 377 630 quod
405 579 490 619 suis
518 596 543 620 a
563 580 798 619 maioribus
819 594 981 630 suaque
1003 581 1046 619 in
1068 591 1184 620 terra
1206 580 1398 620 dicatum

130 646 459 687 Lacedaemonii
486 646 721 686 firmabant
748 646 969 686 annalium
998 647 1202 686 menmria
1230 652 1398 686 uatum-

128 727 210 762 que
244 711 520 761 carminibus,
551 711 625 751 sed
660 711 913 751 Macedonis
948 711 1150 762 Philippi,
1182 727 1279 752 cum
1313 728 1397 763 quo

128 776 374 823 bellassent,
405 776 535 815 armis
565 776 816 826 ademptum
846 791 895 816 ac
926 782 1020 827 post
1052 778 1096 818 O.
1129 777 1326 818 Caesaris
1355 787 1396 817 et

129 841 188 881 M.
228 841 407 880 Antonii
453 842 668 881 sententia
712 842 944 882 redditum.
1003 848 1151 883 contra
1194 844 1396 885 Messenii

127 913 317 948 ueterem
343 908 456 948 inter
476 908 679 948 Herculis
699 913 890 958 posteros
911 909 1165 950 diuisionem
1188 911 1397 961 Pelopon-

127 974 217 1014 nesi
244 974 473 1024 protulere,
500 988 660 1023 suoque
688 973 780 1023 regi
808 973 1133 1015 Denthaliatem
1160 991 1327 1026 agrum,
1352 977 1396 1016 in

127 1052 211 1087 quo
245 1038 289 1077 id
319 1037 562 1086 delubrum,
594 1038 769 1077 cessisse
786 1055 795 1087 ;
835 1039 1185 1090 monimentaque
1216 1041 1306 1080 eius
1335 1042 1395 1081 rei

128 1102 296 1152 sculpta
323 1101 437 1141 saxis
464 1106 505 1141 et
531 1117 628 1141 aere
650 1102 789 1152 prisco
810 1117 996 1143 manere.
1054 1104 1169 1154 quod
1191 1105 1223 1144 si
1246 1110 1392 1145 uatum

127 1171 202 1206 aut
240 1166 461 1206 annalium
501 1166 557 1205 ad
596 1166 840 1206 testimonia
880 1172 1101 1218 nocentur,
1136 1169 1279 1219 plures
1315 1170 1392 1209 sibi

127 1246 177 1271 ac
215 1231 515 1282 locupletiores
554 1245 667 1280 esse;
722 1246 861 1281 neque
900 1232 1149 1283 Philippum
1188 1234 1393 1284 potentia,

126 1296 201 1336 sed
235 1312 288 1336 ex
323 1310 424 1336 uero
460 1295 684 1335 statuisse:
730 1296 842 1335 idem
878 1297 992 1346 regis
1026 1298 1250 1349 Antigoni,
1280 1299 1394 1339 idem

127 1361 395 1411 imperatoris
420 1360 617 1399 Mummii
637 1360 843 1400 iudicium
856 1379 866 1410 3
898 1362 955 1401 sic
979 1362 1168 1415 Milesios
1189 1365 1393 1414 permisso

126 1426 297 1476 publice
324 1425 517 1474 arbitrio,
545 1430 760 1475 postremo
787 1426 987 1465 Atidium
1015 1426 1244 1468 Geminum
1272 1444 1393 1479 prae-

126 1496 264 1531 torem
290 1490 483 1530 Achaiae
505 1489 759 1530 decreuisse.
817 1491 879 1530 ita
900 1492 1136 1532 secundum
1158 1493 1394 1535 Messenios

127 1557 289 1596 datum.
348 1560 390 1595 et
420 1555 648 1604 Segestani
675 1555 826 1594 aedem
848 1556 1032 1596 Veneris
1060 1564 1249 1599 montem
1277 1561 1391 1611 apud

126 1622 327 1671 Erycum,
353 1624 570 1659 uetustate
599 1619 821 1670 dilapsam,
844 1623 1077 1661 restaurari
1106 1625 1392 1676 postulauere,

126 1691 229 1726 nota
263 1688 552 1724 memorantes
587 1684 640 1724 de
676 1685 841 1735 origine
872 1686 962 1726 eius
992 1693 1033 1726 et
1064 1688 1177 1728 laeta
1209 1689 1391 1731 Tiberio.

126 1749 311 1799 suscepit
338 1762 485 1788 curam
510 1747 648 1787 libens
671 1753 718 1788 ut
740 1750 1099 1800 consanguineus.
1157 1757 1260 1793 tunc
1281 1758 1393 1794 trac-

126 1820 244 1855 tatae
274 1813 607 1853 Massiliensium
638 1828 785 1864 preces
815 1815 1132 1867 probatumque
1163 1819 1208 1858 P.
1241 1820 1393 1860 Rutilii

126 1880 392 1930 exemp1um3
424 1894 610 1929 namque
638 1894 734 1920 eum
762 1881 931 1931 legibus
958 1883 1128 1932 pulsum
1153 1885 1291 1925 ciuem
1312 1887 1392 1927 sibi

127 1945 356 1995 Zmyrnaei
382 1945 656 1985 addiderant.
714 1961 797 1996 quo
825 1947 916 1987 iure
938 1947 1167 1988 Vulcatius
1189 1950 1392 1992 Moschus

125 2011 225 2052 exul
251 2011 295 2050 in
324 2010 614 2051 Massilienses
640 2017 838 2062 receptus
865 2013 979 2052 bona
1007 2028 1083 2053 sua
1107 2014 1168 2054 rei
1192 2015 1391 2065 publicae

125 2092 272 2118 eorum
294 2082 340 2116 ut
360 2077 526 2127 patriae
547 2077 792 2127 reliquerat.

204 2142 278 2185 44,
337 2141 492 2181 Obiere
519 2156 568 2182 eo
595 2157 708 2182 anno
729 2143 812 2182 uiri
832 2143 998 2183 nobiles
1019 2143 1095 2185 Cn.
1117 2144 1327 2185 Lentulus
1348 2158 1388 2187 et

1420 395 1460 417 20

1418 728 1435 761 5

1420 1057 1457 1079 10

1418 1379 1453 1412 Ι5

1414 1710 1454 1731 20

1414 2036 1450 2069 25
