1618 2444
220 79 272 118 50
591 79 873 120 CORNELII
913 78 1113 120 TACITI

220 188 341 224 artae
370 184 586 223 amicitiae
612 183 766 223 fecere.
825 198 875 223 ac
902 183 987 223 iam
1015 183 1129 223 ultro
1153 181 1340 223 Sabinus
1360 195 1488 231 quae-

221 264 313 290 rere
341 250 573 306 Latiarem,
595 249 811 289 uentitare
838 249 1026 299 domum,
1047 248 1216 288 dolores
1242 262 1339 287 suos
1366 246 1486 297 quasi

161 328 199 362 25
221 316 277 356 ad
298 316 549 355 fidissimum
571 314 753 355 deferre.

302 381 372 424 69.
431 380 689 421 Consultant
723 395 829 430 quos
862 380 1111 429 memoraui,
1141 394 1328 430 quonam
1362 377 1488 417 modo

221 461 271 486 ea
298 446 484 497 plurium
506 446 657 486 auditu
679 446 990 495 acciperentur.
1048 459 1149 484 nam
1169 444 1275 493 loco,
1296 444 1339 482 in
1361 457 1488 493 quem

221 511 430 561 coibatur,
452 510 667 550 seruanda
688 509 931 549 solitudinis
950 509 1107 555 facies3
1137 513 1179 549 et
1201 509 1233 548 si
1249 522 1359 558 pone
1375 507 1489 547 fores

220 576 492 626 adsisterent,
532 581 672 616 metus
717 576 847 626 uisus,
887 575 1051 615 sonitus
1096 579 1172 615 aut
1215 574 1329 614 forte
1368 577 1488 613 ortae

183 652 200 686 5
220 641 471 691 suspicionis
516 644 621 680 erat.
692 644 855 680 tectum
901 641 1015 681 inter
1060 644 1103 681 et
1139 639 1362 690 laquearia
1400 642 1488 678 tres

220 711 450 756 senatores,
467 705 585 745 haud
606 705 747 744 minus
763 706 880 756 turpi
896 706 1066 746 latebra
1083 720 1213 755 quam
1229 703 1488 744 detestanda

218 772 386 821 fraude,
407 786 497 811 sese
526 770 802 822 abstrudunt,
824 771 1110 811 foraminibus
1134 775 1177 810 et
1200 770 1319 809 rimis
1339 783 1487 809 aurem

220 838 465 877 admouent.
522 837 689 877 interea
738 837 925 876 Latiaris
968 841 1188 887 repertum
1232 836 1277 875 in
1314 834 1488 886 publico

221 903 444 951 Sabinum,
478 902 599 941 uelut
628 916 777 941 recens
807 902 984 952 cognita
1013 906 1282 950 narraturus,
1312 900 1487 940 domum

162 979 200 1001 10
219 972 262 1008 et
291 968 335 1006 in
365 966 612 1006 cubiculum
643 966 802 1012 trahit;
842 966 1164 1017 praeteritaque
1193 970 1236 1006 et
1265 965 1486 1015 instantia,

219 1047 401 1083 quorum
436 1030 619 1071 adfatim
653 1031 788 1082 copia,
819 1046 869 1071 ao
903 1046 1038 1071 nouos
1067 1036 1252 1072 terrores
1282 1030 1486 1070 cumulat.

218 1099 370 1139 eadem
396 1098 468 1138 ille
496 1102 539 1137 et
566 1097 740 1148 diutius,
762 1102 925 1148 quanto
946 1102 1123 1148 maesta,
1145 1097 1219 1136 ubi
1240 1096 1370 1136 semel
1392 1111 1487 1147 pro-

219 1180 385 1217 rupere,
407 1164 623 1204 difficilius
644 1165 892 1205 reticentur.
942 1169 1172 1216 properata
1193 1163 1293 1203 inde
1314 1177 1487 1203 accusa-

219 1223 291 1283 tio,
319 1231 543 1281 missisque
570 1230 626 1270 ad
655 1230 883 1271 Caesarem
914 1231 1070 1271 litteris
1099 1230 1293 1270 ordinem
1321 1229 1489 1269 fraudis

162 1315 198 1349 15
219 1312 428 1347 suumque
457 1296 539 1346 ipsi
567 1295 755 1336 dedecus
784 1311 1032 1337 narrauere.
1098 1311 1184 1335 non
1214 1296 1321 1335 alias
1348 1294 1488 1345 magis

218 1363 349 1404 anxia
376 1367 419 1403 et
445 1376 608 1412 pauens
632 1361 798 1412 ciuitas,
819 1366 972 1411 tegens
996 1361 1227 1401 aduersum
1248 1360 1464 1411 proximos
1478 1373 1488 1406 3

219 1443 489 1479 congressus,
511 1428 754 1477 conloquia,
778 1432 908 1468 notae
928 1428 1192 1478 ignotaeque
1212 1441 1338 1467 aures
1357 1425 1488 1465 uitari

218 1494 349 1534 etiam
383 1496 504 1532 muta
533 1495 663 1541 atque
693 1491 897 1541 inanima,
928 1496 1091 1531 tectum
1121 1496 1164 1531 et
1192 1490 1378 1541 parietes
1407 1489 1487 1530 cir-

218 1556 640 1607 cumspectabantur.

299 1623 372 1666 70.
422 1621 507 1662 Sed
529 1621 687 1662 Caesar
708 1621 930 1662 sollemnia
949 1622 1194 1672 incipientis
1215 1620 1317 1661 anni
1337 1619 1487 1660 kalen-

219 1687 284 1726 dis
318 1685 534 1726 Ianuariis
566 1685 751 1735 epistula
780 1691 994 1736 precatus,
1025 1686 1157 1725 uertit
1185 1685 1230 1724 in
1263 1685 1486 1736 Sabinum,

219 1756 442 1801 corruptos
463 1750 671 1800 quosdam
692 1750 946 1790 libertorum
968 1755 1010 1790 et
1026 1751 1210 1800 petitum
1226 1764 1269 1790 se
1286 1764 1485 1801 arguens,

218 1817 510 1866 ultionemque
531 1815 649 1855 haud
670 1816 849 1855 obscure
870 1815 1086 1865 poscebat.
1141 1830 1219 1855 nec
1240 1829 1360 1854 mora
1381 1815 1485 1865 quin

181 1899 198 1932 5
219 1882 523 1922 decerneretur
538 1894 546 1927 ;
601 1884 644 1920 et
689 1881 948 1921 trahebatur
992 1881 1235 1930 damnatus,
1274 1885 1485 1931 quantum

219 1947 408 1988 obducta
446 1951 565 1986 ueste
605 1951 647 1985 et
685 1946 905 1985 adstrictis
942 1945 1143 1986 faucibus
1182 1946 1262 1986 niti
1300 1951 1484 1997 poterat,

218 2012 445 2053 clamitans
474 2011 533 2051 sic
562 2011 755 2051 incohari
785 2026 960 2061 annum,
990 2012 1069 2051 has
1100 2011 1256 2052 Seiano
1286 2012 1485 2052 uictimas

218 2079 384 2120 cadere.
441 2092 525 2128 quo
558 2077 814 2118 intendisset
849 2078 1005 2127 oculos,
1036 2092 1119 2128 quo
1154 2079 1289 2118 uerba
1318 2078 1483 2119 accide-

218 2148 327 2193 rent,
354 2143 461 2192 fuga
487 2142 681 2192 uastitas,
709 2142 847 2183 deseri
874 2143 1043 2193 itinera,
1070 2142 1177 2183 fora.
1235 2147 1277 2183 et
1307 2143 1483 2193 quida-m
