1618 2444
223 96 276 135 54
358 96 438 136 AB
476 95 742 137 EXOESSV
782 95 1047 136 AVGVSTI
1087 96 1164 136 IV.
1204 94 1267 146 74,
1307 94 1358 136 75

223 214 274 240 ac
296 199 441 240 Seiani
463 214 680 249 censuere,
702 198 950 249 crebrisque
971 199 1171 249 precibus
1191 199 1493 249 efflagitabant

223 265 389 306 uisendi
406 265 469 305 sui
487 265 654 315 copiam
668 264 878 304 facerent.
936 279 1023 304 non
1038 265 1100 304 illi
1117 270 1261 305 tamen
1279 265 1323 304 in
1340 265 1492 305 urbem

223 335 299 370 aut
325 331 565 381 propinqua
591 330 689 369 urbi
717 329 909 379 degressi
931 334 1053 379 sunt3
1085 330 1188 370 satis
1208 330 1349 370 uisum
1369 330 1492 370 omit-

165 411 205 434 10
224 399 314 435 tere
347 395 532 435 insulam
567 399 610 434 et
643 394 688 434 in
723 393 918 444 proximo
949 393 1210 444 Campaniae
1241 394 1386 445 aspici.
1443 410 1492 435 eo

224 460 371 500 uenire
398 463 556 509 patres,
584 473 727 509 eques,
754 472 916 508 magna
942 473 1042 508 pars
1069 458 1219 508 plebis,
1240 459 1360 499 anxii
1387 474 1492 509 erga

225 525 442 575 Seianum,
465 524 586 564 cuius
612 524 760 564 durior
787 538 1043 574 congressus
1070 528 1200 574 atque
1227 539 1275 565 eo
1303 540 1379 575 per
1405 540 1492 566 am-

224 590 364 631 bitum
408 594 452 630 et
496 589 702 630 societate
748 589 1023 629 consiliorum
1068 590 1319 640 parabatur.
1389 591 1492 630 satis

226 655 456 696 constabat
489 659 664 695 auctam
697 654 735 695 ei
770 654 1075 704 adrogantiam
1105 654 1281 695 foedum
1310 655 1418 695 illud
1446 656 1491 695 in

168 738 203 771 15
225 721 454 773 propatulo
482 721 706 761 seruitium
734 721 969 771 spectanti;
1006 721 1163 771 quippe
1192 722 1354 762 Romae
1381 722 1493 762 sueti

225 789 442 828 discursus
469 792 512 828 et
538 786 840 837 magnitudine
868 786 987 826 urbis
1007 786 1220 826 incertum
1242 787 1357 837 quod
1379 787 1492 838 quis-

224 868 307 905 que
323 854 379 894 ad
392 853 616 903 negotium
628 856 784 903 pergat
798 869 806 892 z
836 851 897 891 ibi
911 865 1061 902 campo
1075 856 1151 891 aut
1164 852 1288 893 litore
1302 853 1492 893 iacentes

225 920 343 959 nullo
371 918 616 959 discrimine
644 922 815 957 noctem
843 932 892 957 ac
921 917 1034 958 diem
1060 918 1184 958 iuxta
1209 919 1395 969 gratiam
1417 924 1493 960 aut

223 985 363 1025 fastus
400 985 633 1025 ianitorum
668 983 1039 1034 perpetiebantur,
1074 983 1211 1024 donee
1244 984 1288 1024 id
1323 1000 1492 1036 quoque

160 1062 206 1085 20
225 1051 432 1100 uetitum3
481 1054 525 1090 et
557 1063 763 1089 reuenere
796 1049 842 1088 in
875 1049 1028 1089 urbem
1061 1049 1232 1100 trepidi,
1267 1065 1373 1100 quos
1405 1065 1491 1090 non

225 1130 431 1167 sermone,
446 1130 532 1155 non
548 1115 644 1154 uisu
658 1114 864 1164 dignatus
878 1118 984 1164 erat,
999 1113 1175 1164 quidam
1190 1114 1301 1155 male
1314 1115 1492 1166 alacres,

225 1182 381 1233 quibus
400 1180 616 1220 infaustae
637 1179 853 1219 amicitiae
874 1179 1021 1230 grauis
1042 1179 1183 1219 exitus
1203 1179 1468 1220 imminebat.

305 1245 375 1289 75.
433 1244 635 1286 Ceterum
662 1243 859 1283 Tiberius
883 1248 1058 1294 neptem
1079 1244 1369 1294 Agrippinam
1389 1244 1493 1285 Ger-

226 1310 394 1351 manic-0
428 1313 568 1349 ortam
602 1322 699 1348 cum
730 1322 874 1347 coram
905 1307 980 1348 Cn.
1013 1308 1201 1348 Domitio
1230 1308 1493 1360 tradidisset,

225 1376 270 1416 in
300 1375 407 1415 urbe
437 1373 648 1414 celebrari
677 1373 852 1423 nuptias
881 1372 1016 1412 iussit.
1072 1372 1116 1412 in
1148 1373 1337 1414 Domitio
1367 1388 1495 1425 super

227 1446 491 1482 uetustatem
538 1439 710 1490 generis
757 1438 1044 1489 propinquum
1094 1438 1351 1478 Caesaribus
1398 1454 1493 1480 san-

189 1524 206 1558 5
228 1507 402 1558 guinem
433 1505 678 1555 delegerat3
720 1518 821 1543 nani
850 1503 886 1542 is
916 1502 1058 1542 auiam
1091 1502 1317 1543 Octauiam
1346 1508 1389 1544 et
1418 1519 1494 1555 per

227 1587 322 1614 eam
350 1572 601 1622 Augustum
631 1569 896 1610 auunculum
926 1568 1212 1619 praeferebat.
