1618 2444
206 117 230 156 8
582 118 866 159 CORNELII
905 118 1106 159 TACITI

206 227 434 273 postquam
487 223 732 263 conuiuium
781 223 949 274 inierat,
997 228 1226 274 exceptum
1274 225 1474 276 poculum

207 288 347 329 Druso
387 289 638 339 tradidisse3
687 290 816 339 atque
855 289 928 329 illo
959 289 1112 340 ignaro
1146 294 1189 330 et
1227 290 1474 331 iuueniliter

150 361 186 394 Ι5
205 353 432 394 hauriente
466 359 639 394 auctam
677 354 974 404 suspicionem,
1013 359 1235 405 tamquam
1274 361 1392 396 metu
1431 359 1474 395 et

207 418 370 469 pudore
391 419 561 459 sibimet
582 420 803 470 inrogaret
824 425 1007 460 mortem
1023 435 1153 471 quam
1174 420 1288 471 patri
1308 425 1474 461 struxe-

206 489 288 523 rat.

290 549 360 592 11.
419 549 538 589 Haec
580 550 712 599 uulgo
751 549 913 589 iactata
953 564 1081 600 super
1118 550 1163 590 id
1201 550 1316 600 quod
1354 550 1473 591 nullo

206 619 382 655 auctore
418 620 534 655 certo
561 615 790 656 firmantur
818 621 1015 667 prompte
1049 616 1320 657 refutaueris.
1379 617 1473 667 quis

206 680 319 720 enim
364 680 567 721 mediocri
614 682 856 733 prudentia,
896 683 1056 723 nedum
1101 683 1297 724 Tiberius
1339 683 1474 724 tantis

205 746 334 786 rebus
355 747 582 796 exercitus,
602 747 798 787 inaudito
825 748 912 788 filio
933 747 1114 788 exitium
1135 749 1322 800 offerret,
1342 749 1472 799 idque

168 826 184 859 5
205 825 282 851 sua
313 826 443 851 manu
471 817 514 852 et
539 813 657 853 nullo
682 813 738 853 ad
765 813 1073 864 paenitendum
1098 814 1329 864 regressu?
1368 814 1473 865 quin

205 875 347 925 potius
380 875 624 915 ministrum
654 877 809 917 ueneni
841 877 1122 928 excruciaret,
1152 882 1373 918 auctorem
1401 892 1472 918 ex-

206 942 408 992 quireret,
438 942 568 982 insita
598 942 783 993 denique
811 943 940 983 etiam
970 943 1014 983 in
1042 949 1270 984 extraneos
1297 948 1473 984 cuncta-

206 1008 321 1047 tione
338 1012 379 1048 et
395 1022 515 1048 mora
531 1008 762 1049 aduersum
779 1009 953 1050 unicum
969 1014 1012 1050 et
1025 1009 1186 1049 nullius
1201 1015 1302 1050 ante
1318 1009 1473 1060 flagitii

206 1077 459 1123 conpertum
493 1074 719 1114 uteretur?
769 1074 843 1114 sed
877 1075 978 1125 quia
1014 1075 1195 1116 Seianus
1227 1075 1470 1116 facinorum

148 1151 185 1173 10
206 1139 397 1179 omnium
409 1144 604 1189 repertor
618 1139 876 1190 habebatur,
893 1154 946 1180 ex
962 1140 1093 1180 nimia
1111 1140 1293 1180 caritate
1312 1140 1357 1180 in
1373 1155 1471 1180 eum

207 1203 401 1245 Caesaris
439 1210 482 1245 et
516 1210 757 1245 ceterorum
790 1205 834 1245 in
870 1210 1100 1257 utrumque
1135 1206 1232 1246 odio
1270 1207 1468 1257 quamuis

204 1268 404 1309 fabulosa
430 1274 473 1310 et
497 1269 702 1310 immania
733 1271 1036 1322 credebantur,
1064 1272 1275 1312 atrociore
1303 1286 1471 1323 semper

203 1333 321 1374 fama
338 1349 443 1385 erga
463 1335 778 1376 dominantium
799 1336 950 1377 exitus.
995 1337 1099 1377 ordo
1115 1337 1275 1388 alioqui
1297 1337 1468 1378 sceleris

203 1413 279 1449 per
304 1399 537 1450 Apicatam
566 1400 711 1441 Seiani
731 1401 939 1451 proditus,
964 1402 1190 1442 tormentis
1213 1402 1395 1442 Eudemi
1419 1417 1469 1443 ac

146 1479 181 1513 15
204 1464 347 1515 Lygdi
368 1464 614 1515 patefactus
635 1470 710 1506 est.
768 1481 908 1517 neque
929 1467 1157 1518 quisquam
1177 1467 1361 1518 scriptor
1380 1473 1469 1508 tam

202 1529 396 1570 infensus
433 1530 578 1570 extitit
617 1535 665 1571 ut
697 1531 868 1572 Tiberio
907 1532 1157 1583 obiectaret,
1193 1547 1290 1573 cum
1327 1533 1470 1573 omnia

203 1596 288 1636 alia
326 1596 631 1646 conquirerent
668 1597 1044 1648 intenderentque.
1120 1598 1224 1638 mihi
1268 1599 1471 1639 tradendi

202 1662 500 1712 arguendique
521 1663 703 1703 rumoris
719 1677 848 1703 causa
864 1663 948 1703 fuit
967 1668 1015 1703 ut
1037 1664 1153 1704 claro
1174 1664 1252 1704 sub
1274 1664 1470 1714 exemplo

201 1727 335 1768 falsas
382 1728 625 1768 auditiones
672 1728 932 1779 depellerem
981 1734 1256 1780 peteremque
1303 1729 1358 1769 ab
1406 1729 1470 1776 iis,

142 1811 183 1833 20
203 1807 385 1843 quorum
404 1794 450 1833 in
476 1808 629 1833 manus
657 1808 761 1834 cura
788 1799 935 1834 nostra
956 1795 1137 1845 uenerit,
1159 1810 1213 1835 ne
1240 1795 1469 1845 diuulgata

203 1862 333 1907 atque
372 1857 644 1898 incredibilia
689 1857 816 1898 auide
864 1864 1042 1909 accepta
1089 1858 1201 1899 ueris
1248 1874 1386 1909 neque
1424 1860 1469 1900 in

202 1923 459 1963 miraculum
489 1923 702 1973 corruptis
731 1923 1039 1963 antehabeant.

287 1987 357 2031 12.
417 1988 631 2038 Ceterum,
648 1988 855 2028 laudante
872 1989 1006 2028 filium
1028 2004 1104 2039 pro
1121 1989 1269 2029 rostris
1285 1990 1468 2041 Tiberio,

203 2057 378 2092 senatus
424 2053 692 2103 populusque
736 2052 935 2092 habitum
983 2068 1033 2093 ac
1082 2068 1208 2094 uoces
1246 2054 1469 2096 dolentum

204 2117 474 2157 simulatione
496 2117 633 2167 magis
653 2132 783 2167 quam
807 2117 945 2158 libens
966 2118 1188 2170 induebat,
1209 2120 1468 2171 domumque

203 2181 449 2222 Germanici
488 2181 748 2221 reuirescere
787 2183 946 2222 occulti
994 2183 1285 2225 laetabantur.
1353 2186 1469 2236 quod
