1618 2444
222 97 274 136 52
593 95 878 137 CORNELII
918 94 1118 135 TACITI

304 201 388 242 Per
402 200 516 241 idem
533 205 702 251 tempus
717 199 830 239 Iulia
846 202 1029 239 mortem
1042 198 1161 249 obiit,
1176 212 1305 248 quam
1318 202 1491 248 neptem

164 285 205 307 20
223 266 450 316 Augustus
477 265 721 306 conuictam
749 263 952 304 adulterii
979 263 1278 313 damnauerat,
1306 263 1493 313 proiece-

221 335 376 381 ratque
414 331 460 370 in
493 330 679 369 insulani
714 329 966 378 Trimerum,
1001 328 1120 368 haud
1153 328 1303 378 procul
1337 327 1493 378 Apulis

222 394 433 434 litoribus.
489 394 577 433 illic
612 392 770 443 uiginti
804 392 930 432 annis
963 392 1141 432 exilium
1169 391 1374 432 tolerauit
1402 392 1492 431 Au-

222 466 376 512 gustae
404 475 483 511 ope
511 464 767 509 sustentata,
789 473 900 509 quae
928 458 1130 499 fiorentes
1150 458 1374 509 priuignos
1394 472 1492 498 cum

221 540 298 576 per
332 525 550 565 occultum
585 524 884 574 subuertisset,
914 523 1254 564 inisericordiam
1283 537 1388 574 erga
1417 522 1492 563 ad-

162 608 202 640 25
222 592 360 632 flictos
388 591 532 642 palam
562 590 824 631 ostentabat.

303 658 376 701 72.
434 656 599 697 Eodem
623 670 737 696 anno
762 655 902 705 Frisii,
928 654 1270 695 transrhenanus
1294 654 1490 705 populus,

221 736 372 772 pacem
399 736 569 771 exuere,
591 725 739 760 nostra
766 721 907 770 magis
933 719 1119 759 auaritia
1146 734 1276 770 quam
1297 719 1491 770 obsequii

220 786 493 837 inpatientes.
552 785 765 825 tributum
792 784 843 824 iis
871 784 1040 824 Drusus
1065 784 1250 824 iusserat
1274 783 1491 824 modicum

221 866 297 902 pro
324 851 528 901 angustia
553 865 711 900 rerum,
734 857 780 889 ut
807 850 851 889 in.
872 864 974 889 usus
994 849 1204 889 militares
1225 849 1340 889 coria
1359 850 1491 889 boum

183 931 200 965 5
220 916 472 967 penderent,
493 931 580 956 non
606 916 776 955 intenta
804 915 1058 965 cuiusquam
1086 929 1203 965 cura,
1225 929 1336 965 quae
1360 914 1490 954 firmi-

221 982 339 1032 tudo,
360 997 471 1033 quae
491 997 705 1032 mensura,
723 981 859 1022 donec
881 981 1090 1022 Olennius
1110 996 1132 1021 e
1152 980 1491 1032 primipilaribus

220 1047 423 1098 regendis
450 1047 597 1087 Frisiis
624 1047 834 1098 inpositus
858 1051 984 1097 terga
1008 1061 1184 1087 urorum
1205 1046 1368 1097 delegit
1387 1061 1490 1097 quo-

220 1127 317 1152 rum
360 1112 417 1152 ad
459 1112 643 1152 formam
689 1112 1004 1163 acciperentur.
1079 1112 1137 1162 id,
1181 1112 1276 1152 aliis
1320 1126 1489 1162 quoque

220 1177 470 1217 nationibus
499 1176 697 1227 arduum,
726 1177 842 1227 apud
872 1177 1111 1218 Germanos
1142 1176 1356 1217 difficilius
1385 1176 1490 1216 tole-

165 1258 202 1279 10
221 1243 414 1293 rabatur,
453 1243 548 1293 quis
585 1243 829 1293 ingentium
868 1243 1097 1283 beluarum
1134 1242 1302 1282 feraces
1340 1241 1489 1292 saltus,

221 1309 390 1349 modica
420 1308 535 1356 domi
565 1313 763 1349 armenta
790 1314 902 1349 sunt.
961 1324 1010 1349 ac
1040 1308 1176 1359 primo
1203 1308 1336 1348 boues
1362 1308 1489 1359 ipsos,

220 1388 321 1414 mox
337 1387 478 1423 agrOS,
492 1378 707 1423 postremo
724 1388 903 1424 corpora
920 1374 1153 1424 coniugum
1167 1378 1243 1413 aut
1255 1373 1491 1413 liberorum

221 1440 396 1480 seruitio
418 1439 664 1479 tradebant.
722 1439 821 1479 hinc
842 1439 906 1479 ira
927 1445 969 1480 et
985 1445 1173 1490 questus,
1191 1444 1246 1489 et,
1262 1444 1490 1490 postquam

221 1521 307 1546 non
341 1505 694 1555 subueniebatur‚
726 1505 964 1545 remedium
998 1519 1051 1545 ex
1085 1505 1212 1545 bello.
1268 1504 1383 1555 rapti
1417 1504 1490 1555 qui

166 1587 202 1620 15
222 1570 386 1611 tributo
413 1569 598 1610 aderant
618 1569 776 1609 milites
796 1574 839 1609 et
860 1569 1056 1619 patibulo
1077 1568 1224 1609 adfixi.
1281 1568 1490 1609 Olennius

188 1667 192 1669 —
222 1636 412 1676 infensos
437 1634 545 1685 fuga
569 1635 807 1685 praeuenit,
829 1640 1027 1685 receptus
1047 1634 1224 1675 castello
1244 1633 1313 1673 cui
1333 1648 1489 1674 nomen

223 1701 405 1741 Fleuum
419 1717 428 1749 3
459 1704 502 1740 et
521 1700 640 1739 haud
657 1700 899 1750 spernenda
915 1700 1002 1739 illic
1019 1700 1178 1740 ciuium
1194 1699 1490 1750 sociorumque

223 1782 377 1807 manus
395 1766 524 1806 litora
545 1766 705 1806 Oceani
726 1766 1014 1816 praesidebat.

306 1832 379 1876 73.
437 1830 562 1882 Quod
592 1831 666 1870 ubi
693 1831 741 1871 L.
768 1831 962 1881 Apronio
988 1831 1204 1871 inferioris
1232 1831 1489 1872 Germaniae

225 1912 301 1948 pro
328 1900 527 1947 praetore
553 1896 787 1946 cognitum,
809 1896 970 1936 uexilla
990 1897 1208 1946 legionum
1230 1911 1252 1936 e
1273 1897 1490 1947 superiore

225 1962 447 2013 prouincia
467 1962 747 2012 peditumque
769 1967 811 2002 et
833 1962 1025 2012 equitum
1051 1963 1327 2002 auxiliarium
1351 1963 1490 2004 delec-

226 2033 292 2067 tos
311 2027 469 2066 acciuit
489 2041 539 2066 ac
567 2026 691 2065 simul
720 2031 951 2076 utrumque
978 2027 1216 2067 exereitum
1242 2027 1393 2068 Rheno
1418 2028 1490 2068 de—

190 2110 206 2143 5
226 2098 398 2133 uectum
420 2092 568 2132 Frisiis
596 2091 756 2142 intulit,
784 2092 923 2131 soluto
951 2092 1037 2131 iam
1068 2092 1234 2132 castelli
1262 2092 1427 2133 obsidio
1448 2098 1492 2133 et

227 2159 283 2200 ad
304 2174 381 2199 sua
401 2158 586 2199 tutanda
607 2158 819 2208 degressis
839 2158 1084 2198 rebellibus
1141 2158 1276 2209 igitur
1295 2160 1491 2210 proxima
