1618 2444
198 128 221 164 2
573 125 858 167 CORNELII
897 125 1097 167 'PACITI

135 242 178 265 20
197 236 241 271 et
270 230 410 280 luxus,
431 230 601 280 saepius
620 229 835 270 industria
856 244 906 270 ac
927 229 1169 280 uigilantia,
1189 228 1307 268 haud
1327 227 1468 268 minus

197 296 351 336 noxiae
372 295 569 346 quotiens
589 295 783 346 parando
804 310 939 346 regno
960 296 1197 345 finguntur.

280 362 320 405 2.
382 361 480 401 Vim
518 361 819 412 praefecturae
857 360 1071 401 modicam
1105 365 1233 400 antea
1267 359 1466 409 intendit,

197 427 412 478 dispersas
440 441 516 477 per
546 428 697 467 urbem
727 426 924 466 cohortes
953 442 1039 466 una
1066 426 1110 465 in
1140 430 1282 465 castra
1308 424 1467 465 condu-

196 493 345 543 cendo,
380 497 428 533 ut
460 492 584 531 simul
619 492 799 543 imperia
833 493 1092 542 acciperent,
1127 505 1390 541 numeroque
1425 495 1467 530 et

196 559 348 599 robore
370 563 413 599 et
433 559 528 599 uisu
548 559 662 598 inter
682 573 725 599 se
752 559 911 599 fiducia
937 557 1052 608 ipsis,
1072 556 1117 596 in
1144 562 1307 596 ceteros
1327 560 1467 596 metus

156 637 173 671 5
196 628 402 664 oreretur.
459 623 775 674 praetendebat
795 623 994 664 lasciuire
1014 621 1195 661 militem
1216 621 1464 671 diductum;

196 691 230 730 si
250 691 355 741 quid
382 691 573 731 subitum
599 690 790 740 ingruat,
812 689 973 729 maiore
994 688 1156 728 auxilio
1183 687 1345 738 pariter
1367 686 1464 726 sub-

196 757 333 797 ueniri
346 775 355 807 ;
386 762 429 797 et
445 756 635 797 seuerius
651 760 835 806 acturos,
850 756 883 795 si
901 755 1065 795 uallum
1082 758 1299 793 statuatur
1316 752 1464 803 procul

199 825 315 863 urbis
342 823 584 863 inlecebris.
642 826 691 861 ut
720 821 914 872 perfecta
944 825 1044 860 sunt
1079 824 1234 870 castra,
1268 819 1464 868 inrepere

195 888 405 939 paulatim
453 888 662 928 militares
709 887 874 927 animos
922 884 1137 935 adeundo,
1180 882 1463 934 appelland03

138 968 176 990 10
195 953 320 993 simul
347 953 620 993 centuriones
646 967 696 992 ac
724 952 921 992 tribunos
945 951 1034 1001 ipse
1062 950 1266 1000 deligere.
1323 962 1463 998 neque

196 1019 410 1059 senatorio
437 1019 604 1058 ambitu
632 1017 882 1058 abstinebat
908 1017 1087 1056 clientes
1112 1030 1208 1056 suos
1230 1015 1464 1055 honoribus

194 1088 271 1124 aut
295 1084 527 1135 prouinciis
548 1083 744 1133 ornandi,
766 1082 885 1122 facili
905 1081 1076 1122 Tiberio
1097 1086 1228 1131 atque
1248 1081 1310 1120 ita
1331 1093 1464 1130 prono

195 1153 242 1189 ut
259 1150 420 1190 socium
436 1149 634 1189 laborum
650 1164 733 1189 non
752 1148 879 1188 modo
894 1148 939 1187 in
955 1147 1236 1197 sermonibus,
1253 1146 1327 1186 sed
1348 1144 1464 1195 apud

194 1220 339 1265 patres
359 1220 402 1255 et
428 1215 635 1266 populum
664 1214 903 1254 celebraret
929 1213 1096 1263 colique
1122 1228 1199 1263 per
1222 1213 1394 1253 theatra
1421 1220 1465 1253 et

138 1292 173 1324 15
193 1279 289 1319 fora
309 1279 471 1329 effigies
492 1279 582 1319 eius
601 1279 799 1329 interque
820 1278 1031 1328 principia
1051 1277 1270 1328 legionum
1291 1278 1462 1318 sineret.

275 1345 317 1387 3.
376 1344 578 1385 Ceterum
625 1343 753 1394 plena
801 1342 1035 1383 Caesarum
1083 1342 1246 1393 domus,
1295 1343 1464 1383 iuuenis

194 1410 320 1460 filius,
350 1414 527 1460 nepotes
556 1408 696 1448 adulti
724 1423 889 1448 moram
919 1408 1075 1458 cupitis
1099 1408 1360 1448 adferebant
1370 1426 1381 1458 3
1421 1413 1463 1448 et

195 1475 296 1526 quia
317 1476 359 1515 111
380 1480 445 1516 tot
473 1476 597 1514 simul
628 1475 842 1525 corripere
862 1474 1066 1524 intutum,
1088 1474 1211 1514 dolus
1230 1474 1462 1515 interualla

194 1540 403 1580 scelerum
433 1540 649 1590 poscebat.
707 1539 870 1589 placuit
904 1543 1049 1578 tamen
1082 1539 1289 1579 occultior
1320 1540 1390 1578 uia
1420 1545 1463 1579 et

156 1621 172 1654 5
194 1619 219 1644 a
258 1604 399 1644 Druso
438 1604 639 1654 incipere,
677 1603 721 1642 in
760 1618 887 1653 quem
925 1603 1087 1643 recenti
1124 1603 1189 1642 ira
1226 1603 1461 1643 ferebatur.

194 1684 294 1709 nam
326 1669 504 1719 Drusus,
531 1668 746 1719 inpatiens
775 1668 931 1708 aemuli
959 1672 1002 1708 et
1028 1668 1171 1708 animo
1198 1668 1461 1717 commotior,

194 1740 287 1775 orto
306 1734 419 1774 forte
439 1734 580 1784 iurgio
600 1733 850 1774 intenderat
877 1733 1032 1774 Seiano
1060 1748 1213 1772 manus
1239 1737 1282 1773 et
1309 1738 1461 1773 contra

194 1799 411 1839 tendentis
438 1814 484 1839 os
512 1800 831 1839 uerbera-uerat.
889 1799 1025 1848 igitur
1052 1804 1208 1838 cuncta
1229 1799 1461 1848 temptanti

194 1865 558 1915 promptissimum
587 1865 728 1904 uisum
757 1864 813 1903 ad
842 1878 1019 1904 uxorem
1047 1864 1137 1903 eius
1165 1864 1333 1903 Liuiam
1363 1878 1462 1904 con-

138 1951 176 1973 10
196 1936 376 1981 uertere,
406 1945 516 1981 quae
545 1944 663 1970 soror
689 1929 949 1979 Germanici,
976 1929 1142 1968 formae
1162 1929 1285 1968 initio
1306 1929 1462 1968 aetatis

194 1996 435 2045 indecorae,
481 2010 581 2036 mox
625 1995 948 2045 pulchritudine
987 1994 1290 2044 praecellebat.
1348 1995 1460 2035 hanc

196 2068 243 2101 ut
277 2076 421 2102 amore
452 2062 652 2102 incensus
685 2060 900 2100 adulterio
933 2059 1123 2109 pellexit,
1156 2064 1199 2099 et
1232 2064 1460 2110 postquam

196 2128 321 2177 primi
342 2126 495 2176 flagitii
522 2126 682 2176 potitus
702 2130 767 2165 est
797 2126 953 2174 (neque
980 2124 1141 2164 femina
1162 2125 1317 2164 amissa
1338 2125 1460 2175 pudi-

196 2193 298 2232 citia
332 2192 416 2232 alia
450 2190 686 2240 abnuerit),
719 2189 774 2229 ad
806 2189 993 2239 coniugii
1034 2204 1164 2239 spem,
1199 2189 1460 2229 consortium
