1618 2444
223 105 273 145 16
598 105 882 147 CORNELII
923 106 1123 147 TACITI

183 226 200 260 5
221 210 433 262 domoque
459 212 664 262 principis
691 213 834 252 excire
864 227 993 253 ausus
1013 218 1119 253 erat.
1177 227 1288 263 quae
1308 213 1354 253 in
1373 227 1495 263 prae-

222 291 318 317 sens
331 277 528 318 Tiberius
542 278 727 318 ciuiliter
740 278 895 318 habuit
908 296 917 328 ;
940 278 1014 318 sed
1028 278 1072 318 in
1086 279 1228 318 animo
1242 278 1495 319 reuoluente

222 344 320 393 iras,
341 343 473 383 etiam
493 342 526 382 si
546 342 732 392 impetus
752 343 1000 383 offensionis
1028 343 1272 394 languerat,
1293 343 1499 383 memoria

223 410 411 449 ualebat.
497 408 694 448 Pisonem
748 407 795 459 Q.
844 408 1033 448 Granius
1085 409 1238 449 secreti
1286 408 1494 449 sermonis

223 474 440 513 incusauit
460 473 691 513 aduersum
717 473 988 513 maiestatem
1008 473 1160 524 habiti,
1182 474 1426 524 adiecitque
1454 473 1500 513 in

168 558 206 580 10
225 540 351 579 domo
383 539 473 579 eius
502 553 717 579 uenenum
746 553 836 579 esse
867 554 1050 590 eumque
1080 539 1226 590 gladio
1255 539 1499 580 accinctum

225 606 403 645 introire
431 605 606 645 curiam.
664 605 779 655 quod
808 611 855 645 ut
885 606 1074 646 atrocius
1100 620 1203 646 uero
1229 606 1500 649 tramissum;

227 676 481 721 ceterorum,
511 686 623 721 quae
652 671 790 711 multa
821 671 1171 722 cumulabantur,
1202 676 1402 722 receptus
1435 674 1502 710 est

228 753 338 789 reus,
368 752 508 788 neque
538 742 738 788 peractus
772 738 826 777 ob
863 742 1045 777 mortem
1075 742 1375 788 opportunam.
1436 750 1503 776 re-

228 804 367 843 latum
380 808 423 843 et
437 803 490 843 de
508 802 656 843 Cassio
674 803 834 843 Seuero
850 803 990 853 exule,
1007 803 1081 853 qui
1096 803 1296 843 sordidae
1309 802 1504 853 originis,

173 882 209 915 15
230 869 456 909 maleficae
485 869 616 918 uitae,
648 868 722 909 secl
753 868 908 908 orandi
938 868 1122 919 ualidus,
1151 883 1228 919 per
1256 867 1508 908 immodicas

230 934 480 974 inimicitias
506 939 555 973 ut
581 934 739 973 iudicio
765 934 896 973 iurati
925 938 1099 973 senatus
1129 933 1303 974 Cretam
1333 947 1504 973 amoue-

234 1003 354 1039 retur
375 998 603 1048 effecerat;
635 1003 765 1048 atque
786 998 872 1038 illic
895 998 1046 1038 eadem
1066 998 1289 1038 actitando
1310 997 1503 1038 recentia

234 1068 468 1114 ueteraque
496 1064 596 1104 odia
622 1064 826 1114 aduertit,
847 1064 1056 1113 bonisque
1082 1068 1251 1113 exutus,
1272 1062 1504 1103 interdicto

234 1129 326 1178 igni
347 1133 480 1178 atque
500 1143 626 1179 aqua,
648 1143 751 1168 saxo
775 1128 956 1179 Seripho
977 1128 1214 1168 consenuit.

314 1195 388 1237 22.
446 1194 530 1233 Per
550 1193 665 1234 idem
685 1198 854 1243 tempus
876 1193 1074 1233 Plautius
1097 1192 1301 1233 Siluanus
1327 1197 1502 1243 praetor

232 1259 408 1299 incertis
428 1259 568 1298 causis
588 1259 825 1309 Aproniani
844 1258 1071 1307 coniugem
1092 1258 1137 1297 in
1157 1271 1362 1308 praeceps
1381 1257 1504 1306 iecit3

232 1328 484 1374 tractusque
500 1323 555 1363 ad
573 1323 801 1364 Caesarem
817 1323 871 1363 ab
890 1322 936 1362 L.
953 1322 1148 1372 Apronio
1164 1336 1310 1362 socero
1327 1322 1505 1362 turbata

232 1394 376 1429 mente
397 1389 631 1439 respondit,
659 1393 882 1439 tamquam
908 1389 998 1439 ipse
1026 1403 1172 1428 somno
1201 1389 1347 1439 grauis
1374 1393 1505 1439 atque

195 1474 212 1507 5
234 1469 282 1495 eo
303 1455 494 1505 ignarus,
516 1459 559 1494 et
579 1469 688 1494 uxor
712 1459 864 1505 sponte
891 1458 1073 1494 mortem
1102 1454 1362 1504 sumpsisset.
1419 1467 1505 1493 non

234 1524 491 1561 cunctanter
504 1520 700 1560 Tiberius
713 1520 855 1570 pergit
869 1520 913 1559 in
928 1519 1115 1569 domum,
1129 1520 1231 1559 uisit
1245 1519 1504 1570 cubiculum,

232 1585 277 1624 in
298 1600 382 1635 quo
403 1585 658 1626 reluctantis
679 1591 722 1626 et
747 1585 956 1635 impulsae
987 1584 1172 1634 uestigia
1199 1584 1504 1624 cernebantur.

233 1650 369 1690 refert
406 1650 462 1690 ad
505 1655 715 1700 senatum,
755 1650 953 1700 (latisque
998 1649 1214 1689 iudicibus
1259 1649 1505 1699 Vrgulania

237 1715 402 1755 Siluani
426 1716 525 1755 auia
554 1716 786 1766 pugionem
816 1715 963 1766 nepoti
992 1715 1120 1755 misit.
1179 1714 1296 1765 quod
1325 1714 1504 1765 perinde

177 1799 215 1821 10
235 1780 461 1830 creditum,
510 1781 632 1830 quasi
684 1781 890 1831 principis
936 1781 1116 1830 monitu,
1164 1780 1219 1820 ob
1269 1779 1504 1819 amicitiam

233 1845 462 1894 Augustae
494 1859 591 1884 cum
626 1845 884 1895 Vrgulania.
943 1859 1055 1895 reus,
1090 1844 1255 1885 frustra
1294 1849 1505 1895 temptato

233 1908 362 1959 ferro,
378 1924 512 1949 uenas
528 1910 729 1960 praebuit
745 1910 1043 1950 exsoluendas.
1102 1923 1202 1949 mox
1222 1908 1506 1959 Numantina,

234 1975 351 2025 prior
392 1989 501 2015 uxor
540 1976 643 2026 eius,
682 1981 885 2016 accusata
924 1975 1120 2016 iniecisse
1159 1974 1423 2014 carminibus
1462 1979 1506 2015 et

233 2040 453 2080 ueneficiis
483 2041 757 2081 uaecordiam
787 2041 956 2091 marito,
987 2041 1133 2080 insons
1162 2040 1391 2080 iudicatur.

315 2108 388 2149 23.
446 2106 490 2145 Is
511 2105 684 2146 demum
713 2121 852 2146 annus
879 2105 1083 2156 populum
1112 2105 1355 2145 Romanum
1374 2105 1504 2155 longo

232 2171 463 2212 aduersum
503 2171 739 2212 Numidam
778 2171 1099 2211 Tacfarinatem
1146 2171 1261 2211 bello
1301 2170 1502 2211 absoluit.
