1618 2444
241 116 321 157 AB
360 115 626 156 EXCEssV
666 114 929 155 AVGVSTI
971 114 1049 154 IV.
1088 113 1243 153 39—41
1331 113 1382 151 29

113 221 290 267 nepotes
320 230 416 256 suos
444 215 651 265 conuelli;
687 215 791 265 quid
821 215 854 254 si
882 215 1136 255 intendatur
1162 219 1383 254 certamen
1406 231 1442 264 15

113 281 191 320 tali
212 281 410 331 coniugio
427 280 442 320 ⁸?
475 279 661 320 ‘falleris
683 280 808 329 enim,
827 280 994 330 Seiane,
1013 280 1046 319 si
1067 284 1109 320 te
1130 294 1381 319 mansurum

112 345 157 384 in
178 345 328 385 eodem
347 344 497 385 ordine
518 349 656 395 putas,
674 349 717 384 et
738 344 918 393 Liuiam,
936 359 1046 394 quae
1067 344 1174 384 Gaio
1193 343 1380 393 Caesari,

114 426 213 451 mox
239 411 379 451 Druso
406 420 540 460 nupta
569 410 714 460 fuerit,
737 426 785 450 ea
813 415 956 450 mente
984 414 1182 450 acturam
1209 414 1257 449 ut
1284 424 1382 449 cum

114 477 258 527 equite
297 477 491 516 Romano
530 484 736 515 senescat.
794 490 874 525 ego
915 481 960 515 ut
1001 476 1150 525 sinam,
1187 475 1382 515 credisne

115 558 314 594 passuros
347 543 420 593 qui
454 544 633 582 fratrem
669 542 772 589 eius,
805 542 877 591 (1111
913 552 1078 592 patrem
1114 542 1382 591 maioresque
1403 555 1444 577 20

115 613 282 649 nostros
310 609 354 648 in
385 608 560 648 summis
589 608 778 657 imperiis
806 607 983 647 uidere?
1043 608 1107 648 uis
1134 598 1179 647 tu
1208 608 1381 658 quidem

116 672 245 712 istum
278 673 393 712 intra
428 673 569 712 locum
604 671 773 711 sistere:
819 672 893 712 sed
928 673 988 712 illi
1025 673 1306 722 magistratus
1341 676 1383 712 et

115 738 332 789 primores,
367 738 441 788 qui
477 743 520 778 te
558 738 743 777 inuitum
779 743 1063 788 perrumpunt
1098 738 1383 788 omnibusque

115 802 167 842 de
195 803 322 843 rebus
350 803 592 851 consulunt,
614 802 845 842 excessisse
873 802 959 841 iam
990 802 1157 853 pridem
1185 807 1383 853 equestre

114 867 340 917 fastigium
367 867 580 916 longeque
609 866 768 906 antisse
796 867 930 916 patris
957 867 1040 906 mei
1065 867 1277 907 amicitias
1298 882 1383 907 11011
1405 879 1443 913 25

116 930 272 970 occulti
299 931 446 970 ferunt
474 944 634 980 perque
663 929 871 968 inuidiam
902 930 963 968 tui
988 944 1054 969 me
1075 944 1245 979 quoque
1266 930 1385 969 incu-

117 1001 226 1036 sant.
285 1000 330 1035 at
354 996 467 1036 enim
491 996 717 1045 Augustus
738 995 869 1034 filiam
892 1010 1011 1034 suam
1034 995 1166 1045 equiti
1190 996 1384 1036 Romano

116 1062 288 1102 tradere
327 1062 561 1102 meditatus
596 1066 671 1101 est.
730 1061 884 1100 mirum
919 1061 1106 1112 hercule,
1142 1062 1175 1101 si
1210 1077 1306 1102 cum
1340 1062 1385 1101 in

118 1142 263 1167 omnes
317 1141 441 1166 curas
494 1125 809 1165 distraheretur
856 1125 1196 1176 immensumque
1245 1126 1385 1166 attolli

118 1191 364 1242 prouideret
403 1205 529 1240 quem
569 1189 870 1229 coniunctione
904 1189 982 1229 tali
1016 1206 1143 1241 super
1176 1191 1281 1231 alios
1316 1206 1387 1231 ex·
1408 1205 1448 1237 30

118 1256 298 1306 tulisset,
335 1256 379 1296 U.
413 1256 684 1296 Proculeium
720 1260 763 1295 et
797 1256 1005 1305 quosdam
1040 1257 1083 1296 111
1119 1258 1388 1297 sermonibus

118 1322 272 1362 habuit
291 1321 450 1371 insigni
470 1321 786 1371 tranquillitate
808 1321 936 1370 uitae,
957 1322 1087 1362 nullis
1107 1323 1168 1362 rei
1188 1323 1388 1373 publicae

119 1388 303 1439 negotiis
354 1387 600 1438 permixtos.
672 1387 747 1427 sed
795 1387 828 1426 si
877 1387 1149 1429 dubitatione
1197 1389 1389 1438 Augusti

119 1469 354 1503 mouemur,
368 1458 530 1503 quanto
552 1453 738 1492 ualidius
759 1458 822 1493 est
844 1453 958 1502 quod
980 1453 1130 1494 Marco
1152 1455 1388 1505 Agrippae,

120 1533 221 1559 mox
250 1518 354 1558 1111111
384 1517 657 1557 conlocauit?
693 1523 823 1567 atque
852 1532 932 1567 ego
962 1518 1068 1558 haec
1096 1534 1172 1569 pro
1200 1520 1390 1560 amicitia
1411 1534 1450 1568 35

122 1599 208 1625 non
247 1584 483 1632 occultaui3
533 1587 723 1623 ceterum
762 1598 901 1633 neque
939 1585 1024 1624 tuis
1063 1600 1201 1636 neque
1241 1587 1390 1627 Liuiae

124 1650 350 1690 destinatis
397 1648 674 1689 aduersabor.
745 1649 834 1699 ipse
883 1649 986 1699 quid
1034 1650 1150 1690 intra
1198 1651 1389 1691 animum

126 1714 423 1763 uolutauerini‚
438 1713 593 1763 quibus
607 1713 748 1753 adhuc
763 1714 1152 1755 necessitudinibus
1166 1716 1390 1756 inmiscere

124 1784 167 1820 te
204 1779 310 1819 mihi
348 1793 508 1829 parem,
548 1779 744 1818 omittam
784 1779 839 1818 ad
878 1794 1080 1830 praesens
1119 1780 1302 1821 referre:
1346 1781 1391 1821 id

125 1848 295 1883 tantum
326 1843 516 1893 aperiam
546 1843 652 1882 nihil
682 1858 771 1883 esse
802 1848 891 1883 tam
920 1845 1136 1885 excelsum
1163 1845 1279 1895 quod
1305 1861 1392 1886 non
1411 1863 1453 1893 40

126 1909 309 1949 uirtutes
334 1909 441 1949 istae
470 1914 654 1959 tuusque
681 1909 724 1948 in
752 1925 819 1949 me
847 1910 1016 1950 animus
1036 1916 1297 1963 mereantur,
1319 1912 1393 1952 da-

126 1978 255 2023 toque
289 1978 480 2023 tempore
516 1973 583 2013 uel
617 1974 661 2013 in
696 1979 848 2014 senatu
883 1975 953 2014 uel
987 1975 1031 2014 in
1070 1976 1268 2017 contione
1306 1992 1392 2017 non

126 2037 342 2079 reticebo.’

208 2104 283 2147 41,
342 2104 527 2143 Rursum
565 2103 757 2154 Seianus,
788 2120 874 2144 non
908 2105 993 2144 iam
1024 2105 1076 2145 de
1106 2106 1392 2158 matrimonio,

129 2168 203 2208 sed
242 2168 371 2207 altius
408 2172 616 2217 metuens,
655 2169 789 2208 tacita
828 2169 1129 2219 suspicionum,
1166 2170 1287 2220 uulgi
1325 2186 1393 2210 ru-
