1618 2444
268 69 347 108 AB
386 68 653 110 EXOESSV
692 69 958 110 AVGVSTI
999 70 1078 110 IV.
1118 70 1277 111 55—57
1364 71 1412 110 41

144 174 262 213 urbis
297 174 458 214 Romae
492 175 703 225 statuisse,
740 175 798 215 M.
835 176 987 216 Porcio
1021 178 1208 227 consule,
1243 178 1414 227 magnis

143 240 317 289 quidem
336 240 423 280 iam
444 241 589 290 populi
612 241 795 280 Romani
817 242 959 291 rebus,
976 242 1169 281 nonduin
1191 247 1337 283 tamen
1359 243 1415 282 ad

144 320 356 345 summum
383 306 519 355 elatis,
542 311 684 347 stante
711 307 854 346 adhuc
881 308 1046 348 Punica
1068 308 1173 348 urbe
1195 313 1238 348 et
1260 309 1416 348 ualidis

143 385 220 420 per
244 370 395 410 Asiam
416 372 602 421 regibus.
661 372 786 411 simul
809 372 853 412 L.
877 372 1044 413 Sullam
1065 376 1220 412 testem
1240 373 1408 413 adfere-

144 435 264 486 bant,
291 437 545 485 grauissimo
574 438 618 477 in
648 437 894 477 discrimine
925 437 1140 477 exercitus
1170 438 1224 477 ob
1255 438 1414 488 asperi-

145 505 282 543 tatem
309 502 462 542 hiemis
487 506 530 542 et
557 502 782 552 penuriam
808 502 953 551 uestis,
981 517 1079 542 cum
1105 502 1149 541 id
1180 502 1416 552 Zmyrnam

146 568 191 608 in
218 569 461 609 contionem
486 568 735 608 nuntiatum
760 567 886 616 foret,
908 582 1055 607 01111163
1081 568 1154 617 qui
1179 568 1415 608 adstabant

147 634 384 674 detraxisse
433 634 599 683 corpori
648 633 841 683 tegmina
887 633 1128 683 nostrisque
1173 633 1416 683 legionibus

147 699 321 739 misisse.
378 699 439 738 ita
484 699 626 749 rogati
669 698 929 738 sententiam
967 703 1112 748 patres
1153 699 1416 749 Zmyrnaeos

146 763 402 813 praetulere.
441 763 691 813 censuitque
706 762 863 802 Vibius
880 762 1064 812 Marsus,
1082 767 1130 803 ut
1147 762 1220 803 M'.
1240 763 1415 814 Lepido,

147 828 216 867 cui
232 842 282 868 ea
297 827 521 878 prouincia
537 828 788 877 obuenerat,
807 842 935 877 super
950 843 1178 868 numerum
1194 829 1418 878 legaretur

148 894 220 944 qui
250 894 399 944 templi
430 908 579 934 curam
610 893 856 943 susciperet.
915 898 957 933 et
984 894 1085 943 quia
1112 894 1301 944 Lepidus
1326 894 1416 944 ipse

149 958 338 1009 deligere
365 972 441 1009 per
467 958 722 998 modestiam
752 957 986 1008 abnuebat,
1016 958 1218 998 Valerius
1248 959 1365 998 Naso
1395 973 1417 998 e

149 1024 376 1074 praetoriis
406 1028 519 1064 sorte
550 1024 704 1063 missus
733 1029 809 1065 est.

230 1089 305 1134 57.
362 1090 485 1129 Inter
504 1104 627 1139 quae,
649 1089 723 1129 diu
744 1090 952 1131 meditato
974 1089 1227 1140 prolatoque
1249 1089 1418 1140 saepius

150 1155 338 1205 consilio,
391 1155 569 1195 tandem
624 1155 783 1195 Caesar
833 1156 878 1195 in
931 1155 1225 1205 Campaniam,
1277 1154 1417 1205 specie

150 1220 380 1260 dedicandi
411 1220 572 1270 templa
601 1220 717 1270 apud
748 1220 941 1271 Capuam
972 1220 1079 1271 Ioui,
1110 1220 1225 1270 apud
1260 1220 1417 1259 Nolam

150 1285 363 1335 Augusto,
399 1285 474 1324 sed
512 1290 656 1324 certus
690 1286 838 1335 procul
874 1286 981 1325 urbe
1016 1285 1185 1335 degere.
1244 1300 1418 1325 causam

150 1350 372 1390 abscessus
399 1364 661 1400 quamquam
690 1355 861 1390 secutus
888 1350 1094 1401 plurimos
1115 1354 1341 1389 auctorum
1362 1349 1418 1389 ad

153 1415 295 1455 Seiani
326 1419 441 1454 artes
469 1415 631 1465 rettuli,
656 1415 757 1465 quia
788 1420 934 1455 tamen
964 1415 1096 1454 caede
1126 1415 1216 1455 eius
1245 1418 1419 1465 patrata

152 1495 227 1520 sex
254 1486 402 1530 postea
429 1495 564 1519 annos
591 1481 685 1530 pari
713 1486 876 1521 secreto
905 1481 1141 1530 coniunxit,
1167 1480 1419 1530 plerumque

152 1560 416 1596 permoueor,
433 1561 537 1584 num
553 1545 609 1585 ad
625 1546 765 1596 ipsum
780 1546 933 1586 referri
951 1546 1093 1585 uerius
1110 1545 1176 1595 sit,
1194 1545 1418 1584 saeuitiam

152 1625 202 1650 ac
226 1610 451 1650 libidinem
476 1624 573 1649 cum
593 1610 721 1650 factis
742 1615 969 1661 promeret,
992 1610 1095 1650 locis
1116 1610 1418 1650 occultantem.

152 1680 276 1715 erant
309 1675 383 1726 qui
417 1675 642 1715 crederent
679 1676 725 1715 in
764 1680 984 1716 senectute
1024 1676 1213 1726 corporis
1250 1690 1419 1725 quoque

152 1739 351 1779 habitum
389 1740 543 1790 pudori
575 1740 730 1790 fuisse3
775 1741 933 1791 quippe
966 1741 1029 1780 illi
1062 1740 1344 1791 praegracilis
1377 1744 1420 1780 et

152 1805 334 1845 inourua
372 1806 619 1856 proceritas,
654 1805 796 1845 nudus
835 1806 991 1856 capillo
1026 1809 1191 1855 uertex,
1228 1805 1421 1845 ulcerosa

154 1869 286 1909 facies
313 1884 363 1910 ac
388 1871 640 1921 plerumque
665 1870 1023 1911 medicaminibus
1047 1870 1343 1919 interstincta3
1379 1874 1421 1910 et

157 1935 297 1975 Rhodi
337 1940 500 1976 secreto
539 1937 679 1977 uitare
714 1941 872 1986 coetus,
907 1937 1141 1977 recondere
1177 1937 1421 1987 uoluptates

154 2001 359 2041 insuerat.
407 2002 597 2041 traditur
612 2002 742 2042 etiam
758 2002 909 2041 matris
925 2002 1166 2052 inpotentia
1184 2006 1420 2050 extrusum,

156 2081 285 2116 quam
312 2066 617 2107 dominationis
647 2068 806 2108 sociam
836 2068 1153 2117 aspernabatur
1182 2081 1320 2117 neque
1350 2067 1422 2107 de-

156 2132 314 2181 pellere
353 2137 534 2183 poterat,
573 2148 670 2172 cum
710 2133 1047 2173 dominationem
1086 2134 1222 2183 ipsam
1261 2132 1422 2171 donum

1439 384 1476 406 10

1439 714 1474 747 15

1436 1039 1477 1061 20

1439 1362 1455 1394 5

1442 1693 1480 1715 10

1444 2015 1480 2048 15
