1618 2444
209 118 261 158 28
584 119 866 159 (1¹0RNELH
907 120 1105 161 ‘PACITI

210 225 338 264 moris
358 226 515 276 quippe
538 236 626 265 tum
646 232 736 265 crat
755 241 1017 276 quamquam
1034 232 1303 277 praesentem
1321 226 1480 277 scripto

173 290 341 333 sadire.
398 291 488 330 eius
534 291 632 330 talis
670 292 809 331 forma
847 292 953 332 fuit:
1003 293 1307 333 beneuolentia
1345 292 1480 343 patris

210 357 399 407 Augusti
421 362 463 396 et
479 372 579 396 mox
596 357 791 407 plurimis
807 358 967 398 Tiberii
983 358 1152 399 iudiciis
1166 359 1227 399 ita
1244 358 1480 399 insueuisse

210 427 257 461 ut
292 436 386 472 spes
421 429 606 472 uotaque
642 437 719 462 sua
754 438 839 463 non
873 424 991 474 prius
1025 424 1081 464 ad
1115 424 1216 464 deos
1255 439 1386 475 quam
1423 423 1479 463 ad

210 487 451 537 principum
468 502 593 528 aures
609 490 837 529 conferret.
886 504 1024 540 neque
1037 490 1254 541 fulgorem
1266 491 1479 530 honorum

211 566 414 602 umquam
441 558 686 602 precatum;
719 554 924 594 excubias
951 569 1000 595 ac
1029 555 1210 605 labores,
1232 561 1280 595 ut
1302 569 1435 594 unum
1457 568 1479 594 e

154 631 193 653 10
209 618 431 669 militibus,
470 633 546 669 pro
585 619 883 660 incolumitate
923 620 1194 670 imperatoris
1232 620 1371 660 malle.
1429 634 1479 660 ac

210 689 355 724 tamen
376 683 491 733 quod
511 683 848 734 pulcherrinmm
869 685 1088 735 adeptum,
1111 689 1156 724 ut
1178 684 1480 725 coniunctione

211 748 406 789 Caesaris
441 748 599 799 dignus
634 749 906 790 crederetur:
947 750 1047 789 hinc
1076 750 1248 789 initium
1277 749 1378 800 spei.
1437 754 1480 789 et

209 814 413 864 quoniam
434 813 649 853 audiuerit
672 815 920 864 Augustum
941 815 985 854 in
1006 814 1273 854 conlocanda
1289 814 1378 854 filia
1393 828 1479 854 non

210 878 316 918 nihil
344 879 474 919 etiam
502 878 554 918 de
583 879 800 929 equitibus
830 879 1034 919 Romanis
1060 879 1384 929 consultauisse,
1404 878 1478 923 ita,

154 959 190 993 15
210 945 243 984 si
289 945 468 985 maritus
514 945 663 985 Liuiae
702 952 996 995 quaereretur,
1035 946 1216 986 haberet
1254 945 1297 985 in
1336 944 1479 985 animo

209 1011 395 1050 amicum
416 1011 505 1051 sola
521 1011 851 1051 necessitudinis
868 1011 1005 1061 gloria
1024 1026 1213 1050 usurum.
1263 1025 1350 1050 non
1365 1009 1479 1050 enim

210 1090 366 1116 exuere
380 1076 566 1126 inposita
579 1076 726 1116 munia
740 1094 749 1125 ;
772 1076 875 1116 satis
888 1077 1116 1117 aestimare
1129 1075 1291 1116 firmari
1305 1075 1479 1116 domum

209 1140 441 1181 aduersum
493 1141 664 1191 iniquas
714 1141 983 1192 Agrippinae
1031 1141 1301 1191 offensiones,
1348 1140 1479 1191 idque

208 1206 442 1247 liberorum
476 1221 627 1256 causa3
665 1221 767 1246 nam
795 1207 876 1246 sibi
906 1207 1090 1247 multum
1120 1221 1332 1257 superque
1361 1206 1478 1246 uitae

149 1292 190 1315 20
207 1271 312 1321 fore,
343 1272 459 1322 quod
488 1272 565 1311 tali
595 1286 692 1311 cum
723 1272 914 1323 principe
944 1272 1215 1323 expleuisset.

288 1337 362 1381 40.
419 1337 492 1377 Ad
516 1352 567 1377 ea
586 1337 796 1387 Tiberius,
818 1337 999 1377 laudata
1019 1338 1182 1388 pietate
1205 1337 1351 1378 Seiani
1372 1337 1477 1377 suis-

208 1417 291 1452 que
317 1402 361 1441 in
389 1417 487 1442 eum
513 1402 734 1442 beneficiis
754 1402 921 1442 modice
943 1402 1167 1452 percursis,
1189 1416 1287 1441 cum
1307 1406 1477 1452 tempus

208 1472 431 1518 tamquam
475 1467 532 1507 ad
576 1467 792 1517 integram
841 1468 1204 1508 consultationem
1241 1467 1476 1517 petiuisset,

208 1534 407 1574 adiunxit
434 1535 587 1574 ceteris
612 1535 869 1574 mortalibus
888 1535 934 1574 in
954 1549 1003 1575 eo
1025 1540 1140 1575 stare
1161 1534 1350 1584 consilia,
1371 1533 1476 1584 quid

172 1615 188 1648 5
208 1599 289 1639 sibi
333 1599 573 1639 conducere
618 1604 794 1650 putent3
848 1599 1092 1650 principum
1130 1599 1346 1639 diuersam
1385 1612 1476 1639 esse

208 1670 378 1715 sortem,
395 1665 552 1715 quibus
572 1665 806 1716 praecipua
822 1680 966 1705 rerum
982 1665 1038 1705 ad
1054 1665 1216 1705 famam
1233 1663 1475 1714 dirigenda.

207 1730 303 1771 ideo
320 1745 363 1770 se
379 1745 466 1770 non
480 1730 583 1770 illuc
600 1730 841 1780 decurrere,
857 1731 971 1780 quod
988 1735 1234 1781 promptum
1249 1730 1475 1781 rescripta,

207 1809 329 1845 posse
344 1795 481 1846 ipsam
498 1795 667 1835 Liuiam
684 1800 887 1845 statuere,
904 1795 1157 1836 nubendum
1172 1800 1269 1846 post
1284 1795 1475 1835 Drusum

207 1875 264 1900 an
290 1860 335 1900 in
361 1860 592 1911 penatibus
612 1859 748 1899 isdem
769 1860 1044 1900 tolerandum
1064 1860 1268 1910 haberet-5
1300 1874 1391 1900 esse
1411 1860 1474 1900 illi

151 1947 189 1969 10
206 1930 389 1966 matrem
436 1930 479 1965 et
526 1925 682 1974 auiam,
732 1925 932 1975 propiora
981 1925 1171 1965 consilia.
1238 1925 1474 1976 simplicius

206 1996 418 2041 acturum,
457 1990 510 2031 de
547 1991 782 2030 inimicitiis
820 1991 1005 2041 primum
1043 1990 1326 2041 Agrippinae,
1365 2006 1474 2042 quas

205 2057 334 2106 longe
367 2056 508 2096 acrius
536 2070 721 2106 arsuras,
751 2055 785 2095 si
821 2055 1142 2095 matrimonium
1172 2056 1322 2096 Liuiae
1352 2057 1473 2097 uelut

205 2122 250 2161 in
270 2127 415 2172 partes
435 2120 607 2161 domum
630 2120 864 2161 Caesarum
885 2120 1169 2161 distraxisset.
1222 2121 1280 2161 sic
1302 2136 1472 2172 quoque

206 2201 431 2239 erumpere
455 2187 788 2227 aemulationem
807 2186 1080 2236 feminarum,
1102 2201 1237 2237 eaque
1258 2187 1472 2228 discordia
