1618 2444
235 100 314 140 AB
352 100 619 141 EXCESSV
657 99 923 141 AVGVSTI
963 99 1041 140 IV.
1084 99 1237 139 18—-21
1328 99 1376 138 15

107 205 284 246 foedata
322 210 364 247 et
406 221 515 247 uxor
564 206 686 247 Sosia
733 206 1043 256 arguebantur.
1119 221 1197 246 nec
1246 206 1376 246 dubie

108 272 447 322 repetundarum
494 272 744 312 criminibus
791 272 1045 323 haerebant,
1094 273 1169 313 sed
1219 277 1377 313 cuncta

108 337 358 386 quaestione
378 337 614 377 maiestatis
635 337 837 386 exercita,
859 342 902 377 et
924 337 1054 378 Silius
1080 337 1376 378 imminentem

108 402 429 442 damnationem
449 402 695 443 uoluntario
715 403 800 442 fine
820 403 1070 453 praeuertit.
1396 420 1439 443 20

189 468 264 513 20.
323 469 546 509 Saeuitum
560 473 705 508 tamen
718 469 763 508 in
778 469 905 519 bona,
919 484 1006 509 non
1023 474 1071 508 ut
1087 469 1377 520 stipendiariis

108 535 315 584 pecuniae
344 535 643 585 redderentur,
673 550 855 585 quorum
882 549 1007 575 nemo
1036 535 1274 585 repetebat,
1301 535 1376 575 sed

107 599 345 639 liberalitas
392 599 582 650 Augusti
626 599 790 649 auulsa,
830 599 1077 650 conputatis
1122 599 1376 649 singillatim

107 678 218 713 quae
269 664 370 704 fisco
418 663 692 714 petebantur.
768 678 819 704 ea
866 664 1006 714 prima
1053 664 1223 705 Tiberio
1272 679 1377 715 erga

108 730 335 780 pecuniam
362 730 547 770 alienam
575 729 802 780 diligentia
828 727 936 770 fuit.
985 729 1105 771 Sosia
1133 731 1177 770 in
1199 730 1376 770 exilium
1397 748 1413 782 5

106 796 282 847 pellitur
304 796 442 836 Asinii
475 795 588 836 Galli
616 796 844 846 sententia,
865 796 939 846 qui
966 801 1135 847 partem
1164 797 1376 836 bonorum

108 861 429 911 publicandam,
450 876 549 911 pars
570 865 617 900 ut
637 861 784 901 liberis
800 861 1119 911 relinqueretur
1136 866 1375 902 censuerat.

109 932 259 967 contra
282 927 355 968 Μ’.
377 927 566 977 Lepidus
581 935 783 977 quartam
798 928 1123 968 accusatoribus
1139 928 1376 969 secundum

108 992 468 1032 necessitudinem
488 992 608 1042 legis,
637 997 781 1032 cetera
810 992 957 1032 liberis
982 993 1203 1033 concessit.
1260 994 1375 1033 hunc

109 1072 189 1107 ego
218 1057 428 1107 Lepidum
455 1057 720 1107 temporibus
746 1057 830 1096 illis
857 1071 1038 1106 grauem
1068 1062 1111 1097 et
1138 1058 1375 1108 sapientem
1400 1073 1438 1095 10

109 1123 250 1162 uirum
287 1123 418 1163 fuisse
458 1122 694 1172 comperior
706 1140 716 1171 ;
760 1137 862 1161 nam
896 1122 1103 1172 pleraque
1142 1123 1197 1162 ab
1237 1124 1376 1163 saeuis

109 1187 431 1227 adulationibus
451 1187 634 1226 aliorum
653 1187 698 1226 in
718 1187 869 1227 melius
885 1187 1017 1227 flexit.
1075 1202 1214 1238 neque
1230 1192 1376 1229 tamen

109 1254 438 1303 temperamenti
467 1253 637 1303 egebat,
668 1268 765 1293 cum
795 1253 1012 1303 aequabili
1042 1255 1302 1295 auctoritate
1333 1260 1375 1295 et

109 1319 252 1369 gratia
265 1319 381 1369 apud
396 1319 616 1359 Tiberium
632 1319 832 1368 uiguerit.
884 1319 997 1358 unde
1014 1319 1215 1359 dubitare
1232 1334 1374 1370 cogor,

108 1383 199 1423 fato
248 1389 290 1423 et
329 1388 442 1424 sorte
486 1383 704 1432 nascendi,
744 1388 791 1422 ut
837 1388 993 1433 cetera,
1033 1384 1094 1423 ita
1132 1385 1375 1435 principum
1399 1402 1435 1436 15

107 1449 330 1488 inclinatio
358 1449 403 1487 in
432 1449 522 1497 hos,
552 1448 730 1488 offensio
756 1448 801 1487 in
831 1449 938 1499 illos,
969 1463 1025 1488 an
1055 1449 1109 1488 sit
1139 1450 1303 1499 aliquid
1330 1451 1375 1490 in

108 1514 265 1554 nostris
294 1515 480 1554 consiliis
510 1515 723 1564 liceatque
750 1515 863 1554 inter
893 1515 1125 1565 abruptam
1154 1521 1375 1556 contuma-

109 1581 219 1620 ciam
250 1585 293 1620 et
322 1580 514 1620 deforme
544 1580 797 1630 obsequium
823 1595 1003 1630 pergere
1030 1582 1114 1621 iter
1140 1582 1375 1623 ambitione

109 1659 159 1684 ac
204 1644 405 1694 periculis
444 1659 642 1684 uacuum.
700 1649 746 1684 at
791 1644 1049 1684 Messalinus
1089 1645 1218 1686 Cotta
1256 1647 1375 1687 haud

109 1709 250 1748 minus
277 1709 403 1748 claris
430 1709 675 1759 maioribus,
700 1709 775 1749 sed
802 1710 944 1749 animo
972 1710 1180 1760 diuersus,
1209 1712 1376 1752 censuit
1396 1728 1437 1750 20

109 1774 352 1814 cauendum
381 1779 554 1814 senatus
584 1775 778 1815 consulto
808 1780 856 1815 ut
890 1791 1154 1826 quamquam
1184 1777 1375 1819 insontes

109 1840 390 1889 magistratus
419 1844 462 1880 et
491 1840 643 1890 culpae
673 1840 839 1880 alienae
871 1842 1002 1881 nescii
1036 1843 1374 1892 prouincialibus

108 1919 291 1944 uxorum
312 1905 562 1944 criminibus
583 1905 761 1955 perinde
782 1920 912 1955 quam
933 1907 1018 1946 suis
1038 1907 1343 1957 plecterentur.

191 1971 263 2013 21.
320 1970 482 2010 Actum
511 1970 666 2010 dehinc
694 1970 747 2010 de
778 1970 1012 2021 Calpurnio
1039 1972 1207 2023 Pisone,
1238 1974 1374 2014 nobili

109 2049 159 2075 ac
192 2035 326 2075 feroci
355 2035 459 2075 uiro.
516 2035 551 2075 is
580 2050 778 2085 namque,
810 2040 857 2075 ut
886 2036 1049 2086 rettuli,
1080 2051 1300 2078 cessurum
1330 2053 1373 2079 se

110 2101 215 2140 urbe
232 2100 286 2140 ob
302 2100 512 2140 factiones
525 2105 825 2140 accusatorum
840 2100 885 2139 in
902 2105 1055 2140 senatu
1071 2101 1374 2142 clamitauerat

110 2171 151 2207 et
165 2171 309 2216 spreta
324 2166 515 2215 potentia
522 2166 750 2216 Augustae
763 2165 935 2205 trahere
948 2166 991 2204 in
1006 2166 1070 2205 ius
1085 2166 1373 2215 Vrgulaniam
