1618 2444
249 644 476 692 Chapters
507 644 720 682 68-752
762 644 939 682 Events
970 644 1022 682 of
1048 643 1110 682 28
1135 643 1244 681 A.D.

195 777 267 821 68.
330 777 456 817 Iunio
503 777 650 818 Silano
696 781 738 817 et
785 777 889 817 Silio
934 777 1083 817 Nerua
1132 777 1379 817 consulibus

110 841 287 883 foedum
314 844 417 883 anni
443 843 701 894 principium
728 843 902 883 incessit
929 847 1069 883 tracto
1093 843 1138 883 in
1162 858 1379 884 carcerem

111 907 282 948 inlustri
312 909 455 959 equite
487 909 694 959 Romano,
725 908 820 948 Tito
853 908 1027 958 Sabino,
1058 909 1112 948 ob
1143 909 1378 949 amicitiam

111 971 356 1013 Germanici
370 987 380 1019 3
400 988 539 1024 neque
553 974 666 1014 enim
680 974 881 1013 omiserat
896 974 1122 1024 coniugem
1135 974 1377 1024 liberosque

112 1037 202 1077 eius
228 1038 458 1089 percolere,
480 1043 666 1079 sectator
693 1039 820 1090 domi,
843 1054 983 1079 comes
1007 1039 1051 1079 in
1076 1040 1262 1090 publico,
1283 1043 1379 1090 post
1398 1047 1416 1081 5

112 1107 177 1143 tot
216 1104 394 1145 clientes
433 1119 544 1144 unus
583 1120 716 1155 eoque
756 1105 872 1155 apud
911 1105 1045 1145 bonos
1086 1105 1290 1145 laudatus
1335 1110 1378 1146 et

111 1170 257 1218 grauis
273 1169 442 1220 iniquis
490 1170 605 1210 hunc
628 1170 825 1210 Latinius
846 1170 1044 1221 Latiaris,
1062 1171 1238 1211 Porcius
1256 1170 1376 1218 Cato,

112 1235 291 1276 Petilius
321 1236 475 1286 Rufus,
504 1237 562 1277 M.
591 1236 746 1287 Opsius
775 1241 980 1287 praetura
1009 1236 1149 1276 functi
1176 1236 1377 1287 adgredi-

110 1305 255 1352 untur,
288 1301 488 1352 cupidine
522 1302 782 1352 consulatus,
813 1301 869 1341 ad
903 1316 1031 1351 quem
1064 1316 1151 1341 non
1186 1302 1266 1341 nisi
1300 1316 1377 1352 per

113 1365 316 1407 Seianum
343 1367 486 1407 aditus
500 1380 509 1413 3
538 1382 676 1418 neque
706 1367 850 1408 Seiani
877 1367 1079 1408 uoluntas
1105 1368 1186 1407 nisi
1216 1368 1375 1409 scelere
1398 1384 1437 1408 10

111 1433 412 1482 quaerebatur.
481 1433 763 1483 compositum
801 1433 915 1472 inter
946 1433 1059 1483 ipsos
1094 1438 1141 1473 ut
1176 1433 1374 1484 Latiaris,

110 1498 183 1548 qui
195 1498 362 1538 modico
379 1512 459 1537 usu
477 1498 686 1538 Sabinum
703 1497 996 1547 contingebat,
1014 1502 1199 1538 strueret
1215 1498 1374 1550 dolum,

111 1564 242 1604 ceteri
256 1568 385 1604 testes
399 1564 610 1613 adessent,
620 1563 775 1603 deinde
789 1563 1107 1604 accusationem
1120 1564 1373 1615 inciperent.

108 1628 244 1679 igitur
259 1629 445 1669 Latiaris
460 1629 600 1669 iacere
616 1628 817 1669 fortuitos
833 1628 1018 1679 primum
1031 1643 1259 1680 sermone&
1274 1645 1374 1670 mox

109 1694 288 1734 laudare
322 1694 622 1744 constantiam,
653 1693 767 1743 quod
801 1708 899 1744 non,
930 1698 977 1733 ut
1008 1694 1152 1745 ceteri,
1182 1695 1373 1735 florentis
1395 1709 1432 1744 15

110 1759 262 1799 domus
291 1759 453 1799 amicus
482 1759 703 1798 adflictam
733 1758 1014 1804 deseruisset3
1052 1759 1177 1799 simul
1207 1759 1372 1800 honora

110 1824 163 1864 de
207 1824 475 1873 Germanico,
521 1824 809 1874 Agrippinam
855 1824 1074 1875 miserans,
1120 1824 1371 1866 disserebat.

110 1894 153 1929 et
181 1893 408 1940 postquam
440 1889 638 1939 Sabinus,
667 1894 714 1928 ut
744 1893 844 1929 sunt
872 1889 1021 1930 molles
1049 1890 1093 1928 in
1124 1890 1372 1931 calamitate

109 1955 356 1995 mortalium
394 1954 538 2004 animi,
573 1954 727 1994 effudit
760 1954 972 2000 lacrimas,
1006 1955 1148 1994 iunxit
1182 1960 1370 2006 questus,

110 2019 339 2060 audentius
353 2020 439 2060 iam
456 2025 606 2060 onerat
624 2020 840 2070 Seianum,
857 2020 1094 2071 saeuitiam,
1112 2021 1370 2072 superbiam,
1389 2035 1432 2057 20

109 2099 204 2134 spes
224 2085 325 2125 eius.
372 2100 426 2125 ne
446 2085 490 2124 in
511 2085 729 2125 Tiberium
749 2085 923 2135 quidem
944 2086 1136 2126 conuicio
1157 2086 1370 2133 abstinet}

107 2150 222 2200 iique
243 2164 468 2200 sermones
485 2155 707 2205 tamquam
726 2151 862 2191 uetita
882 2151 1164 2202 miscuissent,
1186 2152 1370 2202 speciem

200 2233 232 2257 E.
252 2233 282 2258 Τ.
1255 2228 1277 2259 4
