1618 2444
262 84 342 125 AB
380 84 648 127 EXOEssV
685 85 951 127 AVGVSTI
989 86 1068 127 IV.
1108 86 1268 126 51—55
1350 84 1401 125 39

136 189 355 242 inplicata,
401 207 498 232 cum
543 190 701 230 uiseret
745 204 841 229 eam
887 189 1057 240 Caesar,
1098 189 1283 240 profusis
1327 188 1402 228 diu

136 269 187 295 ac
220 271 296 307 per
329 258 549 298 silentium
580 255 782 304 lacrimiS,
812 270 912 295 mox
946 255 1155 295 inuidiam
1184 260 1227 295 et
1256 268 1403 305 preces

137 321 326 363 orditur:
367 322 617 363 subueniret
647 320 880 370 solitudini,
911 321 1034 361 daret
1063 320 1289 369 maritum3
1329 319 1403 358 ha-

136 385 267 426 bilem
293 388 435 428 adhuc
456 388 680 428 iuuentam
701 385 781 426 sibi
803 400 941 436 neque
962 385 1081 425 aliud
1101 385 1247 436 probis
1273 399 1403 435 quam
1423 402 1440 436 5

138 466 191 492 ex
225 454 497 493 matrimonio
532 453 738 493 solacium
750 471 760 503 3
801 467 892 494 esse
921 452 965 491 in
995 452 1172 491 ciuitate
1205 450 1278 501 qui
1313 449 1403 489 diui

136 518 327 569 Augusti
364 524 550 570 neptem,
590 518 836 559 Germanici
884 519 1113 568 coniugem
1157 532 1205 557 ac
1245 517 1403 557 liberos

138 584 227 624 eius
254 585 442 635 recipere
470 585 768 634 dignarentur.
826 584 901 624 sed
929 583 1090 624 Caesar
1116 597 1203 622 non
1222 582 1402 632 ignarus

136 655 347 700 quantum
377 666 430 691 ex
458 665 504 690 re
534 650 707 700 publica
736 654 968 701 peteretur,
999 664 1053 689 ne
1089 654 1235 688 tamen
1269 648 1403 688 offen-

137 714 265 754 sionis
302 719 377 754 aut
418 724 558 754 metus
602 714 858 754 manifestus
899 713 1025 763 foret,
1067 713 1158 753 sine
1200 726 1402 763 responso

137 783 398 829 quamquam
418 779 653 819 instantem
668 779 854 829 reliquit.
911 778 956 817 id
972 792 1064 828 ego,
1081 792 1107 817 a
1123 776 1404 827 scriptoribus

138 845 359 884 annalium
397 860 483 885 non
522 845 744 895 traditum,
784 844 954 895 repperi
998 844 1043 883 in
1086 842 1404 883 commentariis

137 910 407 961 Agrippinae
423 911 548 961 filiae,
565 925 675 961 quae
692 911 877 950 Neronis
893 909 1097 960 principis
1113 914 1252 949 mater
1268 908 1404 948 uitam

139 989 260 1015 suam
280 980 323 1015 et
343 990 466 1015 casus
486 990 661 1015 suorum
682 975 863 1026 posteris
882 974 1153 1015 memorauit.

220 1041 293 1085 54.
352 1041 553 1082 Ceterum
581 1041 763 1082 Seianus
783 1046 1048 1081 maerentem
1068 1046 1110 1080 et
1130 1039 1404 1090 inprouidam

138 1105 268 1145 altius
301 1107 497 1157 perculit,
527 1107 727 1147 immissis
761 1107 834 1157 qui
869 1121 945 1157 per
974 1106 1159 1156 speciem
1189 1104 1404 1144 amicitiae

138 1177 362 1212 monerent
405 1177 606 1222 paratum
654 1173 692 1212 ei
741 1187 970 1222 uenenum,
1017 1171 1221 1211 uitandas
1271 1169 1405 1210 soceri

139 1237 300 1287 epulas.
348 1242 477 1288 atque
498 1238 573 1278 illa
594 1238 915 1278 simulationum
937 1237 1094 1286 nescia,
1117 1251 1214 1276 cum
1229 1240 1405 1286 propter

139 1301 441 1352 discumberet,
476 1317 561 1342 non
602 1303 726 1342 uultu
765 1308 841 1342 aut
875 1316 1069 1342 sermone
1104 1301 1231 1351 flecti,
1265 1301 1406 1340 nullos

140 1366 356 1417 attingere
395 1367 524 1418 cibos,
561 1367 697 1408 donec
737 1367 927 1407 aduertit
961 1367 1169 1416 Tiberius,
1203 1366 1315 1406 forte
1350 1381 1405 1406 an

139 1432 240 1482 quia
267 1432 516 1483 audiuerat3
547 1433 676 1483 idque
697 1448 781 1483 quo
802 1434 943 1473 acrius
963 1433 1245 1483 experiretur,
1266 1446 1404 1482 poma,

140 1501 189 1536 ut
216 1502 340 1537 erant
367 1497 577 1548 adposita,
599 1499 783 1538 laudans
809 1499 937 1538 nurui
963 1514 1040 1538 sua
1060 1513 1191 1538 manu
1212 1497 1405 1538 tradidit.

141 1566 269 1602 aucta
290 1577 343 1602 ex
364 1577 412 1602 eo
435 1563 616 1613 suspicio
637 1564 921 1614 Agrippinae,
939 1568 981 1604 et
1002 1564 1167 1603 intacta
1184 1577 1256 1603 ore
1272 1563 1407 1602 seruis

140 1627 338 1667 tramisit.
395 1642 475 1667 nec
502 1633 649 1668 tamen
676 1629 837 1668 Tiberii
863 1643 949 1668 uox
976 1642 1120 1668 coram
1147 1632 1306 1678 secuta,
1332 1627 1406 1667 sed

140 1692 347 1732 obuersus
373 1692 429 1732 ad
456 1698 639 1733 matrem
658 1708 745 1733 non
765 1694 922 1733 mirum
943 1694 1016 1743 ait,
1039 1693 1072 1733 si
1093 1693 1197 1744 quid
1217 1693 1407 1733 seuerius

140 1758 185 1797 in
201 1772 295 1798 eam
313 1758 546 1807 statuisset,
563 1774 588 1798 a
604 1774 689 1809 qua
706 1760 903 1800 ueneficii
920 1759 1255 1808 insimularetur.
1305 1758 1406 1798 inde

140 1837 287 1863 rumor
312 1823 456 1873 parari
483 1824 675 1874 exitium,
697 1839 835 1875 neque
861 1824 907 1864 id
933 1825 1236 1875 imperatorem
1262 1823 1406 1874 palam

141 1888 313 1939 audere,
335 1894 547 1929 secretum
568 1890 624 1930 ad
644 1890 984 1941 perpetrandum
1004 1890 1166 1941 quaeri.

223 1955 297 1999 55.
357 1955 442 1996 Sed
478 1956 649 2007 Caesar,
680 1972 763 2007 quo
798 1957 962 1997 famam
997 1960 1226 2006 auerteret,
1257 1954 1406 1995 adesse

140 2020 343 2071 frequens
370 2022 538 2061 senatui
565 2022 817 2072 legatosque
844 2023 988 2073 Asiae,
1010 2022 1280 2071 ambigentes
1303 2035 1406 2071 qua-

141 2099 242 2124 nam
261 2084 306 2124 in
327 2085 504 2126 ciuitate
525 2087 733 2137 templum
756 2092 1033 2137 statueretur,
1054 2086 1199 2137 plures
1220 2100 1296 2136 per
1316 2085 1407 2126 dies

142 2150 322 2190 audiuit.
381 2151 581 2191 undecim
611 2153 739 2193 urbes
769 2153 1010 2203 certabant,
1037 2152 1131 2203 pari
1158 2151 1405 2202 ambitione,

1426 727 1464 750 10

1427 1318 1444 1351 5

1430 1642 1467 1664 10
