1618 2444
173 139 199 179 4
548 138 833 180 CORNELII
872 137 1073 179 TACITI

173 249 324 294 captas
360 244 587 294 Augustus
620 244 664 283 in
699 243 903 294 oppidum
937 242 1228 283 Foroiuliense
1266 242 1443 283 miserat

136 321 153 355 5
174 310 319 350 ualido
339 325 438 352 cum
457 310 632 360 remige.
691 310 764 350 sed
786 310 1067 360 praecipuum
1087 308 1220 348 robur
1242 308 1442 348 Rhenum

173 376 308 426 iuxta,
339 390 563 416 commune
589 375 633 414 in
661 374 901 416 Germanos
928 374 1160 424 Gallosque
1191 373 1442 423 subsidium,

174 446 270 482 octo
303 442 494 492 legiones
527 445 663 481 erant.
722 440 958 491 Hispaniae
990 454 1139 480 recens
1177 439 1443 490 perdomitae

173 507 313 546 tribus
350 506 639 546 habebantur.
716 505 893 545 Mauros
938 505 1050 545 Iuba
1095 519 1172 544 rex
1217 507 1444 554 acceperat

174 572 335 612 donum
373 571 521 622 populi
566 571 762 611 Romani.
820 575 964 610 cetera
1003 568 1182 609 Affiricae
1221 583 1298 619 per
1336 568 1444 608 duas

119 654 156 676 ιο
174 637 365 688 legiones
385 637 564 688 parique
584 651 763 677 numero
790 637 1033 687 Aegyptus,
1056 634 1213 675 dehinc
1240 633 1362 673 initio
1388 633 1444 673 ab

177 703 328 743 Suriae
348 716 483 752 usque
504 702 560 742 ad
580 701 740 741 flumen
757 701 1023 752 Euphraten,
1045 705 1257 751 quantum
1276 698 1444 749 ingenti

175 772 389 807 terrarum
410 767 505 807 sinu
526 767 730 817 ambitur,
751 771 959 817 quattuor
978 765 1224 816 legionibus
1245 763 1444 814 coercita,

176 833 332 873 accolis
359 833 525 873 Hibero
554 833 811 882 Albanoque
839 836 880 872 et
908 831 1002 871 aliis
1023 830 1211 881 regibus,
1232 829 1305 880 qui
1326 844 1445 880 mag-

175 897 373 938 nitudine
403 902 551 938 nostra-
580 901 870 948 proteguntur
899 896 1130 936 aduersum
1160 900 1340 935 externa
1370 895 1446 934 im-

120 983 154 1016 15
177 964 307 1014 peria.
365 968 408 1004 et
435 964 689 1004 Thraeciam
712 962 1040 1003 Rhoemetalces
1061 976 1110 1001 ac
1138 960 1264 1001 liberi
1285 959 1446 1010 Cotyis,

177 1030 400 1080 ripamque
422 1029 613 1070 Danuuii
633 1029 850 1079 legionum
873 1028 984 1068 duae
1004 1028 1048 1067 in
1077 1026 1314 1076 Pannonia,
1335 1025 1447 1066 duae

177 1097 221 1136 in
237 1097 400 1138 Moesia
414 1097 673 1146 attinebant,
683 1095 864 1135 totidem
881 1094 997 1145 apud
1008 1094 1269 1134 Delmatiam
1283 1093 1448 1144 locatis,

178 1178 288 1215 quae
317 1162 459 1213 positu
488 1161 677 1212 regionis
706 1176 731 1201 a
755 1166 878 1210 tergo
906 1160 1002 1209 illis,
1033 1174 1082 1199 ac
1110 1160 1144 1199 si
1173 1160 1448 1211 repentinum

179 1230 390 1271 auxilium
429 1228 560 1268 Italia
599 1232 806 1277 posceret,
845 1226 962 1266 haud
1002 1226 1151 1276 procul
1190 1226 1448 1275 accirentur,

120 1315 159 1337 20
180 1309 445 1347 quamquam
471 1293 676 1333 insideret
705 1292 857 1331 urbem
888 1291 1084 1341 proprius
1111 1291 1245 1342 miles,
1266 1296 1354 1331 tres
1380 1306 1449 1330 ur-

180 1361 333 1410 banae,
367 1373 524 1399 nouem
562 1357 804 1408 praetoriae
844 1356 1054 1405 cohortes,
1094 1356 1270 1396 Etruria
1313 1356 1449 1396 ferme

180 1425 449 1474 Vmbriaque
490 1423 683 1464 delectae
723 1427 797 1462 aut
837 1427 982 1461 uetere
1023 1421 1146 1461 Latio
1186 1427 1227 1461 et
1273 1421 1450 1462 coloniis

182 1490 422 1540 antiquitus
451 1488 669 1529 Romanis.
728 1491 773 1527 at
799 1486 916 1537 apud
945 1486 1099 1525 idonea
1130 1486 1450 1536 prouinciarum

183 1556 322 1596 sociae
348 1554 545 1594 triremes
572 1553 752 1602 alaeque
779 1556 821 1592 et
849 1551 1009 1591 auxilia
1038 1551 1290 1601 cohortium,
1312 1565 1451 1602 neque

124 1638 162 1671 25
183 1621 318 1660 multo
333 1633 454 1659 secus
466 1618 511 1657 in
523 1618 575 1657 iis
589 1617 745 1656 uirium
753 1634 762 1666 3
780 1616 855 1656 sed
869 1616 1065 1667 persequi
1079 1616 1293 1656 incertum
1306 1616 1451 1667 fuerit,

184 1702 281 1727 cum
312 1701 364 1726 ex
394 1700 473 1724 usu
502 1683 706 1733 temporis
735 1683 819 1722 huc
847 1682 949 1721 illuc
981 1687 1188 1730 mearent,
1219 1681 1452 1731 gliscerent

184 1766 362 1792 numero
392 1754 435 1790 et
464 1747 698 1798 aliquando
727 1747 1036 1787 minuerentur.

266 1817 308 1860 6,
365 1814 619 1864 Congruens
640 1812 896 1853 crediderim
917 1826 1138 1851 recensere
1159 1816 1324 1851 ceteras
1351 1825 1453 1862 quo-

185 1896 267 1931 que
287 1880 350 1920 rei
376 1879 575 1930 publicae
602 1883 760 1930 partes,
788 1877 945 1927 quibus
971 1876 1108 1916 modis
1135 1875 1191 1915 ad
1223 1889 1317 1915 eam
1338 1875 1453 1916 diem

184 1945 360 1985 habitae
400 1944 497 1993 sint,
536 1943 740 1993 quoniam
778 1941 948 1981 Tiberio
987 1940 1143 1980 mutati
1181 1940 1225 1979 in
1264 1939 1453 1980 deterius

186 2010 452 2062 principatus
471 2009 641 2049 initium
668 2008 740 2048 ille
768 2021 906 2047 annus
933 2006 1093 2046 attulit.
1151 2005 1237 2044 iam
1266 2005 1452 2056 primum

150 2097 166 2130 5
186 2076 360 2126 publica
380 2074 555 2125 negotia
582 2078 624 2114 et
652 2073 920 2124 priuatorum
950 2071 1139 2111 maxima
1167 2070 1283 2121 apud
1310 2076 1454 2121 patres

188 2141 505 2189 tractabantur,
526 2138 800 2187 dabaturque
822 2135 1080 2187 primoribus
1101 2135 1322 2186 disserere,
1343 2140 1386 2175 et
1409 2135 1454 2175 in

188 2206 482 2247 adulationem
520 2204 661 2254 lapsos
700 2202 933 2243 cohibebat
970 2201 1083 2251 ipse3
1132 2201 1456 2251 mandabatque
