1618 2444
158 134 182 172 6
533 131 817 173 CORNELII
857 132 1057 174 TACITI

158 251 333 276 manum
368 235 547 285 milites;
588 235 704 275 cerni
735 236 920 286 effigiem
954 237 1044 277 eius
1073 238 1117 277 in
1151 239 1426 279 monimentis

159 302 236 343 Cn.
265 302 463 353 Pompei;
504 316 751 342 communes
778 302 841 342 illi
868 317 965 342 cum
991 303 1158 344 familia
1186 305 1423 345 Drusorum

157 368 250 408 fore
284 372 482 418 nepotes:
524 367 786 417 precandam
816 372 910 418 post
938 368 1045 409 haec
1081 368 1347 419 modestiam,
1379 374 1425 409 ut

160 439 387 475 contentus
432 438 555 473 esset.
614 448 752 483 neque
791 448 890 473 raro
928 448 1067 484 neque
1107 435 1221 485 apud
1267 450 1427 486 paucos

104 507 139 540 15
159 499 266 540 talia
285 499 485 547 iaciebat,
508 503 550 538 et
572 502 737 538 secreta
758 513 928 548 quoque
955 499 1045 539 eius
1066 506 1269 550 corrupta
1290 516 1424 540 uxore

159 564 466 615 prodebantur.

241 628 280 672 8,
340 628 482 677 Igitur
529 628 710 668 Seianus
751 629 1059 669 maturandum
1105 635 1226 670 ratus
1273 630 1427 682 deligit

160 709 387 743 uenenum,
417 708 501 744 quo
530 694 740 744 paulatim
766 694 991 745 inrepente
1020 695 1226 737 fortuitus
1252 698 1429 738 morbus

159 760 505 801 adsimularetur.
562 759 607 798 id
646 759 788 800 Druso
822 760 973 800 datum
1007 776 1082 811 per
1103 762 1306 812 Lygdum
1335 776 1429 813 spa-

159 826 327 875 donem,
361 830 409 864 ut
433 829 529 864 octo
555 830 650 875 post
679 839 815 865 annos
850 826 1072 875 cognitum
1103 832 1177 866 est.
1238 831 1429 867 ceterum

123 901 139 934 5
159 890 356 931 Tiberius
376 904 452 940 per
479 904 626 929 omnes
656 890 916 930 ualetudinis
936 890 1026 930 eius
1047 891 1148 941 dies,
1170 892 1289 932 nullo
1310 897 1428 932 metu

160 973 216 998 an
238 962 285 997 ut
305 956 614 996 firmitudinem
643 956 774 996 animi
800 961 1050 1007 ostentaret,
1072 958 1201 998 etiam
1222 958 1429 999 defuncto

160 1022 346 1063 necdum
373 1022 553 1072 sepulto,
580 1021 745 1061 curiam
770 1022 991 1072 ingressus
1017 1027 1092 1063 est.
1150 1024 1430 1074 consulesque

162 1087 261 1128 sede
283 1087 455 1137 uulgari
475 1101 551 1137 per
571 1087 756 1137 speciem
777 1088 1018 1128 maestitiae
1040 1088 1237 1130 sedentes
1257 1089 1432 1130 honoris

162 1153 330 1204 locique
359 1152 598 1202 admonuit,
629 1157 671 1192 et
706 1153 890 1193 effusum
921 1153 966 1193 in
1000 1154 1200 1195 lacrimas
1233 1161 1431 1196 senatum

106 1233 143 1255 10
162 1219 278 1259 uicto
311 1219 477 1269 gemitu
511 1218 637 1258 simul
671 1219 865 1259 oratione
903 1220 1109 1261 continua
1143 1222 1303 1271 erexit;
1344 1238 1430 1263 non

163 1285 338 1335 quidem
365 1284 446 1324 sibi
474 1283 678 1334 ignarum
704 1298 827 1334 posse
854 1285 991 1336 argui,
1013 1286 1129 1335 quod
1156 1291 1245 1326 tam
1266 1288 1431 1328 recenti

164 1350 310 1390 dolore
345 1349 526 1390 subierit
560 1349 705 1389 oculos
736 1354 932 1400 senatus;
982 1351 1057 1391 uix
1094 1353 1431 1403 propinquorum

164 1415 367 1466 adloquia
388 1414 577 1465 tolerari,
598 1414 674 1454 uix
701 1414 814 1455 diem
841 1416 974 1467 aspici
1001 1432 1026 1456 a
1047 1417 1261 1469 plerisque
1281 1419 1431 1470 lugen-

165 1480 285 1520 tium.
325 1494 464 1530 neque
480 1479 575 1519 illos
591 1479 887 1520 inbecillitatis
904 1481 1195 1530 damnandos;
1227 1498 1270 1524 se
1286 1488 1431 1524 tamen

108 1562 144 1594 15
165 1546 346 1586 fortiora
377 1545 536 1586 solacia
571 1559 593 1585 e
628 1545 855 1595 complexu
890 1546 951 1586 rei
983 1547 1182 1597 publicae
1217 1550 1432 1599 petiuisse.

165 1612 479 1662 miseratusque
505 1611 734 1660 Augustae
761 1616 1001 1652 extremam
1028 1619 1257 1664 senectam,
1282 1615 1433 1655 rudem

166 1676 308 1717 adhuc
356 1681 561 1728 nepotum
606 1681 648 1716 et
687 1682 939 1727 uergentem
987 1683 1175 1720 aetatem
1214 1695 1347 1730 suam,
1387 1692 1435 1720 ut

168 1741 414 1782 Germanici
437 1742 574 1792 liberi,
602 1743 729 1782 unica
758 1744 1050 1793 praesentium
1079 1745 1289 1785 malorum
1318 1745 1434 1785 leua-

168 1812 327 1857 menta,
360 1806 671 1848 inducerentur
709 1807 876 1857 petiuit.
934 1809 1093 1858 egressi
1133 1809 1328 1850 consules
1365 1810 1435 1850 fir-

110 1885 150 1907 20
169 1877 308 1912 matos
355 1872 557 1923 adloquio
606 1873 953 1913 adulescentulos
993 1873 1287 1924 deductosque
1335 1880 1436 1916 ante

172 1937 400 1978 Caesarem
430 1942 640 1978 statuunt.
698 1938 854 1988 quibus
883 1938 1107 1989 adprensis
1142 1937 1310 1989 ‘patres
1339 1955 1437 1981 con-

172 2003 333 2054 scripti,
362 2002 459 2043 hos'
489 2003 630 2054 inquit
661 2001 852 2043 ‘orbatos
881 2008 1061 2054 parente
1091 2004 1252 2044 tradidi
1281 2011 1436 2055 patruo

170 2069 360 2120 ipsorum
374 2073 658 2119 precatusque
671 2083 778 2118 sum,
792 2083 1053 2119 quamquam
1067 2074 1178 2110 esset
1190 2069 1253 2109 illi
1265 2070 1438 2121 propria

173 2134 356 2180 suboles,
390 2147 443 2173 ne
477 2147 598 2173 secus
631 2148 762 2183 quam
800 2147 923 2173 suum
963 2134 1217 2184 sanguinem
1256 2133 1437 2185 foueret,

114 2208 154 2240 25
174 2198 405 2248 attolleret,
440 2197 605 2248 sibique
640 2202 683 2238 et
716 2197 897 2249 posteris
930 2198 1233 2239 conformaret.
1291 2203 1438 2250 erepto
