1618 2444
203 136 253 173 22
575 134 854 175 CORNELII
899 134 1093 175 'morri

202 239 392 279 amicitia
416 239 489 279 diu
512 254 724 290 prospere,
746 254 981 289 numquam
1002 240 1112 280 bene
1134 255 1269 280 usum.
1318 239 1469 280 eadem

143 320 184 343 20
202 318 340 354 poena
366 305 408 344 in
439 304 594 345 Catum
623 305 829 344 Firmium
858 310 1099 346 senatorem
1125 306 1342 355 statuitur,
1364 310 1471 345 tam-

202 384 331 419 quam
355 369 476 409 falsis
496 370 734 409 maiestatis
755 370 1006 409 criminibus
1028 385 1214 410 sororem
1236 370 1470 421 petiuisset.

203 432 348 483 Catus,
377 438 424 473 ut
451 434 612 484 rettuli,
638 434 846 474 Libonem
874 435 1088 475 inlexerat
1114 435 1292 484 insidiis,
1315 434 1471 475 deinde

201 498 359 538 iudicio
386 499 641 548 perculerat.
699 499 789 539 eius
809 514 964 550 operae
986 514 1147 539 memor
1167 500 1375 549 Tiberius,
1397 499 1471 540 sed

202 563 287 602 alia
308 563 609 613 praetendens,
631 563 807 603 exilium
829 563 1086 614 deprecatus
1107 568 1192 613 est3
1224 578 1308 614 quo
1330 564 1471 604 minus

143 644 182 676 25
203 633 355 668 senatu
377 629 610 679 pelleretur
630 645 715 669 non
737 630 918 669 obstitit.

285 694 357 736 32.
399 694 610 744 Pleraque
627 709 773 734 eorum
788 695 1060 744 qua01·‹·tmli
1075 710 1271 746 quaeque
1285 696 1470 736 referam

203 774 339 809 parua
366 760 549 799 forsitan
577 764 619 799 et
643 760 756 800 leuia
777 766 1017 800 memoratu
1039 761 1175 801 uisleri
1197 777 1283 801 non
1304 762 1473 802 nescius

204 840 318 873 sum3
351 824 425 864 sed
446 839 570 865 nemo
592 825 770 864 annales
790 829 959 864 nostros
981 840 1077 864 cum
1095 826 1307 876 scriptura
1325 841 1471 867 eorum

203 889 487 939 contenderit,
509 889 581 939 qui
611 894 779 929 ueteres
806 890 951 940 populi
980 891 1163 930 Romani
1188 906 1256 931 res
1282 906 1472 942 compos-

165 975 182 1006 5
203 968 315 994 uere.
373 954 569 1004 ingentia
613 954 675 993 illi
720 954 848 1004 bella,
894 955 1239 1006 expugnationes
1285 956 1472 1007 urbium,

202 1019 320 1060 fusos
358 1025 592 1070 captosque
631 1035 767 1070 reges,
807 1026 883 1060 aut
922 1021 955 1060 si
994 1021 1169 1071 quando
1207 1021 1263 1061 ad
1300 1023 1473 1063 interna

202 1089 541 1135 praeuerterent,
581 1085 817 1125 discordias
860 1087 1085 1127 consulum
1130 1087 1360 1128 aduersum
1399 1088 1473 1128 tri-

202 1152 354 1202 bunos,
394 1152 589 1202 agrarias
633 1151 1027 1203 frumentariasque
1072 1154 1203 1203 leges,
1249 1154 1386 1205 plebis
1431 1160 1473 1195 et

203 1218 474 1268 optimatium
509 1218 746 1258 certamina
780 1218 915 1259 libero
950 1234 1125 1270 egressu
1159 1221 1471 1262 memorabant.

147 1299 185 1321 10
203 1283 326 1322 nobis
352 1283 396 1322 in
423 1288 518 1323 arto
546 1289 588 1323 et
615 1283 824 1334 inglorius
845 1284 989 1333 labor;
1020 1276 1198 1324 immota
1219 1286 1375 1336 quippe
1396 1291 1473 1326 aut

204 1347 369 1387 modice
396 1347 596 1387 lacessita
624 1362 722 1398 pax,
743 1355 934 1388 maestae
962 1349 1082 1388 urbis
1109 1364 1177 1389 res
1204 1354 1247 1389 et
1274 1350 1472 1401 princeps

203 1410 450 1461 proferendi
476 1412 627 1462 imperi
657 1412 896 1452 incuriosus
926 1418 1031 1453 erat.
1089 1429 1175 1453 non
1206 1420 1351 1455 tamen
1379 1415 1471 1455 sine

204 1492 282 1516 usu
312 1477 445 1517 fuerit
472 1478 753 1528 introspicere
783 1478 858 1518 illa
888 1479 1024 1529 primo
1055 1484 1231 1529 aspectu
1263 1480 1388 1531 leuia,
1419 1495 1471 1520 ex

203 1543 298 1592 quis
327 1557 585 1593 magnarum
615 1557 741 1593 saepe
770 1558 915 1583 rerum
944 1549 1086 1583 motus
1116 1545 1326 1585 oriuntur.

285 1609 358 1651 33.
416 1608 531 1647 Nam
559 1614 738 1648 cunctas
759 1608 957 1648 nationes
979 1613 1021 1648 et
1043 1609 1171 1649 urbes
1192 1610 1376 1660 populus
1396 1614 1471 1650 aut

205 1673 412 1723 primores
459 1677 535 1712 aut
583 1673 741 1723 singuli
791 1678 971 1723 regunt:
1022 1673 1191 1713 delecta
1239 1689 1292 1714 ex
1335 1674 1386 1714 iis
1429 1679 1472 1715 et

204 1738 448 1779 consociata
475 1739 533 1778 rei
563 1739 761 1789 publicae
787 1738 928 1778 forma
954 1739 1123 1778 laudari
1150 1739 1321 1779 facilius
1341 1755 1470 1790 quam

204 1805 389 1852 euenire,
423 1804 493 1844 uel
528 1805 561 1843 si
596 1805 753 1854 euenit,
788 1804 905 1844 haud
945 1804 1151 1844 diuturna
1189 1819 1279 1845 esse
1318 1811 1470 1855 potest.

167 1886 183 1917 5
203 1870 338 1919 igitur
358 1874 406 1908 ut
426 1869 526 1909 olim
548 1870 673 1919 plebe
695 1869 853 1919 ualida,
872 1869 939 1909 uel
962 1884 1059 1908 cum
1080 1875 1225 1920 patres
1246 1871 1470 1921 pollerent,

202 1933 420 1973 noscenda
446 1933 567 1983 uulgi
594 1938 752 1973 natura
779 1938 822 1972 et
845 1933 1002 1982 quibus
1022 1933 1159 1973 modis
1180 1939 1472 1985 temperanter

203 1998 450 2047 haberetur,
491 2002 750 2047 senatusque
795 2002 838 2037 et
877 1998 1149 2048 optimatium
1183 1998 1359 2048 ingenia
1397 2000 1472 2050 qui

203 2063 389 2103 maxime
409 2063 743 2113 perdidicerant,
765 2062 909 2103 callidi
932 2069 1171 2113 temporum
1193 2069 1235 2103 et
1257 2066 1472 2115 sapientes

204 2128 510 2177 credebantur,
525 2128 583 2167 sic
600 2141 808 2167 conuerso
825 2132 940 2167 statu
958 2142 1096 2177 neque
1113 2128 1197 2168 alia
1214 2144 1259 2169 re
1276 2130 1472 2170 Romana

148 2210 186 2231 10
203 2207 331 2242 quani
367 2193 401 2233 si
430 2207 541 2232 unus
570 2193 800 2243 imperitet,
832 2193 941 2233 haec
972 2194 1164 2243 conquiri
1197 2195 1397 2245 tradique
1425 2196 1469 2236 in
