1618 2444
250 107 328 146 AB
367 104 634 147 EXCEssV
672 103 937 145 AVGVS'H
977 103 1055 143 IV.
1094 104 1158 153 34,
1199 103 1250 143 :35
1333 103 1385 141 25

118 212 325 253 Catonem
352 211 470 252 caelo
497 211 714 261 aequauit,
735 210 840 260 quid
866 210 986 250 aliud
1013 210 1200 250 dictator
1227 209 1386 250 Caesar
1406 221 1445 254 25

117 291 247 327 quam
273 276 482 326 rescripta
509 276 715 325 oration-e,
737 275 857 315 uelut
881 274 998 325 apud
1016 274 1192 324 iudices,
1212 288 1387 324 respon-

117 341 181 382 dit
196 342 211 382 ‘?
268 342 450 382 Antonii
466 342 688 392 epistulae,
705 341 831 380 Bruti
847 341 1069 381 contiones
1083 340 1195 380 falsa
1211 339 1386 390 quidem

116 406 160 446 in
205 407 454 456 Augustum
499 407 670 456 probra,
711 405 785 445 sed
830 406 967 445 multa
1011 420 1109 445 cum
1147 405 1386 446 acerbitate

117 471 303 521 habent3
348 471 541 511 carmina
575 470 774 511 Bibaculi
808 475 851 510 et
886 469 1048 511 Catulli
1086 470 1249 511 referta
1287 484 1386 510 con-

118 537 305 577 tumeliis
336 536 569 578 Caesarum
598 537 826 587 leguntur;
858 536 928 576 sed
961 536 1050 587 ipse
1081 536 1207 577 diuus
1237 536 1385 586 Iulius,
1405 550 1446 582 30

117 602 206 653 ipse
234 603 360 643 diuus
384 604 612 653 Augustus
634 608 677 643 et
697 603 834 643 tulere
855 603 937 642 ista
958 612 1001 642 et
1022 603 1246 653 reliquere,
1267 602 1385 642 haud

116 667 245 708 facile
293 668 489 717 dixerim,
530 667 823 708 moderatione
871 669 1010 719 magis
1058 684 1114 708 an
1161 669 1384 719 sapientia.

117 748 301 784 namque
332 738 475 784 spreta
505 733 778 773 exolescunt:
820 733 853 772 si
883 733 1082 783 irascare,
1113 733 1295 783 adgnita
1325 733 1385 773 ui-

118 798 288 840 dentur.

199 865 271 908 35.
330 863 452 905 ‘Non
487 864 657 914 attingo
691 864 892 913 Graecos,
923 879 1104 914 quorum
1138 879 1224 904 non
1258 864 1384 904 modo

116 931 306 981 libertas,
327 931 458 971 etiam
484 930 618 970 libido
645 930 881 981 impunita3
913 934 988 970 aut
1010 930 1044 970 si
1064 930 1159 981 quis
1181 930 1383 980 aduertit,

117 996 243 1036 dictis
269 996 386 1036 dicta
413 996 529 1036 ultus
555 1001 631 1036 est.
690 995 763 1036 sed
792 995 977 1035 maxime
1005 995 1192 1036 solutum
1221 1000 1263 1036 et
1293 995 1383 1036 sine

117 1062 407 1102 obtrectatore
433 1061 518 1101 fuit
543 1060 725 1112 prodere
753 1060 806 1100 de
832 1061 895 1110 iis,
917 1075 1022 1110 quos
1049 1075 1163 1101 mors
1190 1060 1287 1101 odio
1308 1066 1385 1101 aut

117 1127 283 1177 gratiae
328 1127 568 1167 exemisset.
625 1141 729 1165 num
773 1125 887 1166 enim
932 1127 1111 1166 armatis
1156 1126 1303 1167 Cassio
1341 1132 1385 1167 et
1404 1133 1421 1167 5

116 1193 252 1233 Bruto
297 1207 346 1232 ac
394 1193 690 1243 Philippenses
734 1205 907 1242 campos
946 1191 1242 1232 obtinentibus
1280 1192 1384 1232 belli

116 1259 254 1299 ciuilis
281 1274 410 1300 causa
434 1259 639 1309 populum
659 1272 736 1308 per
756 1258 977 1298 contiones
997 1258 1213 1298 incendo?
1245 1273 1301 1298 an
1320 1259 1384 1298 illi

115 1324 290 1375 quidem
316 1323 712 1375 septuagensimum
739 1328 840 1363 ante
866 1337 1028 1362 annum
1055 1324 1278 1374 perempti,
1299 1338 1384 1374 quo

115 1389 242 1430 modo
284 1388 547 1439 imaginibus
592 1389 678 1428 suis
716 1393 967 1439 noscuntur,
1007 1403 1114 1439 quas
1152 1403 1206 1429 ne
1246 1389 1385 1430 uictor

116 1454 290 1505 quidem
310 1454 512 1504 aboleuit,
527 1454 586 1494 sic
599 1459 768 1504 partem
780 1454 1011 1494 memoriae
1025 1455 1142 1505 apud
1155 1455 1385 1505 scriptores
1407 1468 1446 1491 10

116 1519 336 1560 retinent?
385 1533 509 1558 suum
543 1519 697 1569 cuique
731 1519 862 1559 decus
896 1520 1126 1569 posteritas
1159 1520 1382 1570 rependit3

116 1598 195 1624 nec
238 1583 434 1632 deerunt,
474 1583 507 1622 si
546 1582 767 1622 damnatio
804 1583 983 1633 ingruit,
1021 1583 1095 1633 qui
1132 1598 1220 1624 non
1256 1584 1384 1625 modo

118 1649 253 1690 Cassii
273 1653 315 1689 et
335 1649 472 1698 Bruti,
490 1648 565 1689 sed
585 1649 716 1689 etiam
732 1649 815 1689 mei
831 1648 1130 1689 meminerint?
1188 1665 1384 1700 egressus

116 1714 216 1755 dein
254 1718 407 1755 senatu
447 1714 583 1753 uitam
621 1714 886 1754 abstinentia
926 1714 1080 1755 finiuit.
1137 1715 1270 1756 libros
1308 1732 1384 1767 per

117 1780 277 1820 aediles
307 1780 559 1820 cremandos
589 1794 791 1820 censuere
821 1784 987 1830 patres3
1028 1780 1103 1821 sed
1131 1787 1384 1822 manserunt
1406 1789 1441 1823 15

113 1845 317 1886 occultati
364 1850 408 1885 et
455 1844 571 1884 editi.
629 1859 714 1895 quo
761 1845 899 1895 magis
947 1845 1188 1886 socordiam
1235 1861 1383 1887 eorum

113 1910 301 1951 inridere
316 1910 435 1960 libet,
452 1910 525 1960 qui
541 1910 758 1960 praesenti
774 1911 968 1960 potentia
984 1911 1168 1951 credunt
1184 1913 1383 1964 extingui

114 1989 236 2026 posse
263 1975 393 2015 etiam
419 1974 636 2024 sequentis
662 1974 759 2015 aeui
785 1975 1046 2015 memoriam.
1104 1991 1205 2016 nam
1231 1982 1383 2018 contra

117 2040 278 2091 punitis
297 2040 484 2090 ingeniis
502 2039 645 2090 gliscit
661 2040 909 2090 auctoritas,
927 2055 1064 2090 neque
1080 2042 1199 2082 aliud
1214 2044 1383 2084 externi

118 2120 242 2156 reges
268 2110 344 2145 aut
370 2106 443 2155 qui
471 2105 621 2145 eadem
648 2105 829 2146 saeuitia
856 2107 921 2145 usi
948 2112 1061 2157 sunt,
1088 2108 1169 2148 nisi
1196 2108 1383 2150 dedecus
1403 2120 1444 2142 20

118 2171 199 2211 sibi
219 2175 349 2220 atque
369 2170 452 2210 illis
473 2171 655 2220 gloriam
676 2185 891 2221 peperere.
