1618 2444
184 69 235 109 42
555 72 839 115 CORNELII
876 75 1077 116 TACITI

186 174 276 213 eius
315 177 562 227 accepisset.
626 193 726 217 nam
765 179 1046 219 dubitauerat
1084 180 1310 230 Augustus
1348 178 1452 219 Ger-

186 241 416 291 manicum,
444 244 599 283 sororis
628 248 828 294 nepotem
858 249 901 284 et
930 245 1097 285 cunctis
1126 245 1364 295 laudatum,
1391 243 1454 284 rei

128 316 168 337 20
187 301 408 343 Romanae
447 304 666 354 imponere
678 323 688 355 3
737 306 812 345 sed
857 307 1057 357 precibus
1102 306 1247 346 uxoris
1288 306 1456 345 euictus

187 367 357 409 Tiberio
385 370 703 421 Germanicum,
724 372 806 411 sibi
829 372 1050 413 Tiberium
1070 372 1266 412 adsciuit.
1323 371 1454 422 idque

188 434 389 484 Augusta
410 436 716 486 exprobrabat,
737 438 1004 488 reposcebat.

271 500 340 543 58.
400 501 615 542 Profectio
645 507 740 543 arto
768 503 976 543 comitatu
1002 503 1109 544 fuit:
1144 518 1255 543 unus
1283 506 1456 543 senator

189 567 415 606 consulatu
436 567 624 618 functus,
640 568 843 609 Cocceius
864 570 1025 619 Nerua,
1043 570 1111 609 cui
1126 569 1272 619 legum
1287 567 1455 619 peritia,

190 645 318 681 eques
339 632 559 672 Romanus
579 638 751 683 praeter
774 634 977 674 Seianum
998 649 1051 674 ex
1071 633 1326 674 inlustribus
1351 631 1456 673 Cur-

189 697 275 736 tius
296 698 482 748 Atticus,
504 699 635 739 ceteri
655 700 908 740 liberalibus
929 699 1082 739 studiis
1102 699 1300 750 praediti,
1320 698 1456 738 ferme

154 761 358 813 5Graeci,
406 778 590 813 quorum
637 765 904 805 sermonibus
951 765 1184 805 leuaretur.
1256 763 1458 805 ferebant

191 827 317 876 periti
365 829 613 868 caelestium
662 829 714 869 iis
761 830 948 870 motibus
996 829 1185 870 siderum
1228 829 1460 870 excessisse

193 891 331 932 Roma
372 892 603 943 Tiberium,
644 898 692 933 ut
734 894 899 934 reditus
939 894 1002 934 illi
1040 899 1287 944 negaretur.
1344 892 1459 932 unde

193 956 314 996 exitii
348 971 478 997 causa
506 958 653 997 multis
681 958 766 998 fuit
795 974 1026 1010 properum
1056 960 1186 999 finem
1215 959 1331 999 uitae
1361 972 1460 998 con-

193 1021 455 1061 iectantibus
496 1022 888 1073 uulgantibusque3
937 1038 1076 1074 neque
1119 1024 1233 1064 enim
1271 1028 1362 1063 tam
1399 1022 1463 1062 in-

137 1100 177 1122 10
195 1087 444 1127 credibilem
466 1102 611 1127 casum
632 1088 934 1139 prouidebant,
949 1093 997 1128 ut
1017 1088 1218 1128 undecim
1234 1102 1310 1138 per
1325 1101 1462 1127 annos

194 1152 333 1193 libens
362 1153 503 1203 patria
533 1158 711 1193 careret.
770 1168 870 1193 mox
900 1153 1041 1204 patuit
1069 1154 1202 1193 breue
1229 1152 1462 1193 confinium

196 1218 301 1257 artis
339 1223 381 1257 et
420 1217 531 1268 falsi,
568 1233 756 1268 ueraque
795 1233 925 1268 quam
964 1218 1157 1258 obscuris
1195 1220 1462 1268 tegerentur.

196 1298 297 1323 nam
320 1282 365 1322 in
390 1283 541 1322 urbem
566 1298 650 1322 non
676 1298 971 1333 regressurum
997 1283 1115 1322 haud
1138 1282 1250 1323 forte
1275 1282 1464 1322 dictum:

198 1353 439 1387 ceterorum
481 1348 612 1387 nescii
655 1362 794 1398 egere,
834 1363 931 1388 cum
970 1348 1210 1398 propinquo
1249 1361 1349 1387 rure
1387 1350 1464 1386 aut

143 1428 178 1461 15
198 1413 322 1452 litore
366 1417 409 1452 et
451 1427 576 1462 saepe
619 1413 788 1453 moenia
827 1413 946 1452 urbis
985 1413 1188 1453 adsidens
1225 1417 1464 1452 extremam

199 1485 417 1517 senectam
448 1477 739 1527 compleuerit.

281 1543 353 1586 59.
412 1544 477 1582 Ac
530 1542 643 1582 forte
694 1542 778 1581 illis
833 1542 985 1582 diebus
1040 1542 1234 1582 oblatum
1292 1541 1467 1582 Caesari

200 1622 358 1658 anceps
391 1607 630 1658 periculum
661 1608 783 1647 auxit
814 1623 929 1647 uana
960 1608 1143 1648 rumoris
1180 1607 1467 1658 praebuitque

201 1673 281 1724 ipsi
319 1673 543 1713 materiem
574 1687 650 1712 cur
681 1673 896 1712 amicitiae
931 1672 1285 1722 constantiaeque
1322 1671 1469 1712 Seiani

201 1739 340 1789 magis
368 1739 533 1778 fideret.
592 1739 881 1778 uescebantur
908 1738 953 1777 in
981 1738 1085 1777 uilla
1114 1737 1183 1777 cui
1208 1736 1470 1777 uocabulum

165 1819 182 1851 5
205 1804 459 1854 Speluncae,
498 1818 617 1843 mare
657 1803 978 1843 Amunclanum
1011 1803 1124 1842 inter
1158 1807 1201 1842 et
1235 1801 1470 1841 Fundanos

202 1872 381 1918 montes,
402 1868 551 1908 natiuo
571 1868 616 1907 in
637 1882 778 1918 specu.
828 1868 917 1907 eius
938 1882 984 1907 os
1003 1867 1134 1918 lapsis
1153 1871 1331 1917 repente
1352 1867 1470 1907 saxis

203 1933 347 1974 obruit
373 1932 582 1983 quosdam
607 1932 848 1982 ministros3
888 1932 989 1972 hinc
1016 1938 1156 1972 metus
1182 1931 1227 1970 in
1254 1946 1400 1971 omnes
1428 1936 1472 1971 et

202 1998 309 2048 fuga
348 2012 496 2037 eorum
533 1997 607 2046 qui
645 1997 893 2036 conuiuium
932 1995 1228 2037 celebrabant.
1288 1995 1472 2036 Seianus

204 2079 319 2115 genu
340 2062 550 2113 uultuque
571 2067 613 2102 et
634 2062 834 2101 manibus
851 2076 978 2112 super
995 2060 1223 2102 Caesarem
1241 2074 1472 2110 suspensus

150 2148 188 2169 10
206 2129 403 2180 opposuit
424 2143 515 2168 sese
535 2128 840 2176 incidentibus,
857 2134 987 2177 atque
1008 2127 1159 2167 habitu
1182 2127 1259 2166 tali
1275 2131 1472 2176 repertus
