1618 2444
167 88 218 127 46
536 85 820 126 CORNELII
860 85 1059 126 TACITI

168 206 298 232 causa
332 192 457 232 amici
487 195 564 231 aut
592 189 821 230 necessarii
851 190 1049 240 aberant,
1079 205 1237 241 pauere
1267 195 1437 242 tamen3

110 269 149 302 25
169 258 413 309 nequedum
441 260 672 307 comperto,
698 270 805 306 quos
831 256 906 295 illa
933 255 998 295 uis
1026 257 1290 306 perculisset,
1311 256 1440 297 latior

169 338 222 363 ex
242 324 407 364 incerto
428 326 581 362 metus.

251 389 325 432 63.
382 388 445 428 Vt
476 402 653 438 coepere
684 387 894 427 dimoueri
924 387 1092 436 obruta,
1122 402 1355 428 concursus
1382 388 1439 428 ad

169 453 390 493 exanimos
432 452 824 502 complectentium,
868 451 1178 501 osculantium5
1227 456 1270 492 et
1312 467 1439 503 saepe

169 523 401 568 certamen,
441 517 475 557 si
513 517 732 557 confusior
769 517 915 566 facies,
956 516 1031 557 sed
1069 531 1148 567 par
1184 516 1325 557 forma
1363 522 1440 558 aut

169 588 289 624 aetas
310 597 498 623 errorem
516 582 884 632 adgnoscentibus
897 581 1075 621 fecerat.
1121 581 1439 632 quinquaginta

132 659 149 693 5
168 649 391 689 hominum
421 647 539 687 milia
567 662 616 687 eo
644 661 745 686 casu
773 647 1002 687 debilitata
1029 646 1098 686 uel
1126 647 1288 687 obtrita
1315 653 1438 698 sunt;

170 719 430 764 cautumque
468 713 513 753 in
552 704 771 763 posterum
806 716 980 752 senatus
1014 712 1222 761 consulto,
1256 727 1310 753 ne
1345 713 1440 763 quis

170 778 478 830 gladiatorium
507 791 663 817 munus
693 776 853 827 ederet,
882 777 951 816 cui
979 776 1119 816 minor
1149 776 1440 828 quadringen-

170 850 311 885 torum
336 843 499 883 milium
526 857 604 893 res,
626 857 736 883 neue
757 842 1127 893 amphitheatrum
1147 843 1441 893 imponeretur

171 911 251 951 nisi
268 910 356 950 solo
373 909 590 949 firmitatis
606 914 838 959 spectatae.
889 908 1049 948 Atilius
1064 908 1109 947 in
1125 908 1302 948 exilium
1317 913 1439 949 actus

114 992 152 1013 10
170 982 246 1017 est.
295 981 485 1016 ceterum
503 975 581 1015 sub
599 979 817 1015 recentem
834 973 1002 1014 cladem
1019 978 1197 1024 patuere
1214 988 1439 1024 procerum

171 1043 334 1092 domus,
365 1042 557 1082 fomenta
590 1045 633 1081 et
666 1040 823 1080 medici
852 1039 1010 1090 passim
1040 1039 1240 1090 praebiti,
1270 1039 1439 1090 fuitque

171 1109 274 1148 urbs
301 1123 376 1158 per
402 1108 498 1147 illos
525 1107 616 1146 dies
643 1120 905 1156 quamquam
926 1110 1091 1145 maesta
1110 1105 1222 1146 facie
1243 1110 1440 1146 ueterum

171 1173 379 1212 institutis
422 1171 582 1221 similis,
622 1171 695 1221 qui
737 1185 898 1220 magna
938 1175 1034 1221 post
1073 1170 1236 1221 proelia
1274 1170 1441 1210 saucios

170 1239 401 1289 largitione
432 1242 474 1278 et
504 1252 608 1277 cura
638 1237 955 1276 sustentabant.

254 1304 326 1348 64.
385 1303 591 1343 Nondum
626 1317 676 1343 ea
710 1302 855 1342 clades
894 1302 1155 1352 exoleuerat‚
1191 1316 1288 1342 cum
1327 1301 1440 1352 ignis

173 1369 379 1410 uiolentia
407 1369 558 1408 urbem
586 1368 701 1408 ultra
729 1367 903 1407 solitum
923 1367 1098 1418 adfecit,
1121 1367 1272 1407 deusto
1293 1371 1439 1407 monte

174 1434 340 1483 Caeli03
388 1433 653 1482 feralemque
696 1446 859 1471 annum
901 1431 1103 1471 ferebant
1145 1436 1187 1471 et
1226 1431 1440 1471 ominibus

173 1499 366 1540 aduersis
389 1502 635 1548 susceptum
660 1497 843 1547 principi
865 1496 1089 1536 consilium
1110 1496 1345 1546 absentiae,
1366 1496 1440 1546 qui

136 1582 153 1615 5
173 1579 264 1604 mos
290 1563 434 1612 uulgo,
454 1562 637 1601 fortuita
664 1561 720 1601 ad
747 1561 919 1611 culpam
946 1561 1181 1610 trahentes,
1210 1561 1254 1600 ni
1282 1560 1441 1601 Caesar

173 1628 346 1669 obuiam
366 1627 468 1666 isset
488 1625 719 1665 tribuendo
740 1625 945 1675 pecunias
965 1639 1019 1664 ex
1035 1624 1161 1665 modo
1178 1624 1439 1665 detrimenti.

174 1699 382 1744 actaeque
425 1693 462 1732 ei
505 1697 651 1743 grates
696 1691 812 1741 apud
855 1695 1053 1731 senatum
1091 1691 1147 1731 ab
1185 1691 1440 1730 inlustribus

173 1760 374 1809 famaque
413 1757 529 1808 apud
568 1756 785 1807 populum,
820 1757 921 1806 quia
961 1756 1051 1796 sine
1090 1756 1325 1796 ambitione
1364 1761 1440 1795 aut

174 1825 466 1877 proximorum
493 1823 692 1873 precibus
719 1821 889 1871 ignotos
917 1821 1045 1861 etiam
1073 1827 1115 1861 et
1142 1822 1256 1862 ultro
1281 1822 1440 1863 accitos

119 1910 156 1932 10
174 1889 468 1931 munificentia
492 1888 674 1927 iuuerat.
732 1885 955 1925 adduntur
976 1886 1228 1936 sententiae,
1250 1891 1298 1925 ut
1317 1901 1440 1927 mons

176 1955 346 1996 Caelius
372 1954 415 1993 in
442 1957 661 2004 posterum
689 1951 915 2001 Augustus
939 1951 1244 2001 appellaretur,
1265 1952 1439 2002 quando

175 2021 342 2061 cunctis
369 2020 530 2059 circum
557 2017 844 2068 flagrantibus
872 2017 961 2056 sola
981 2016 1141 2056 Tiberii
1162 2017 1335 2068 effigies,
1357 2019 1440 2059 sita

175 2088 219 2127 in
249 2086 375 2126 domo
405 2085 519 2125 Iunii
551 2083 771 2133 senatoris,
802 2083 1012 2123 inuiolata
1042 2083 1279 2123 mansisset.
1344 2099 1439 2124 eue-

176 2154 287 2193 nisse
308 2152 352 2192 id
372 2151 472 2192 olim
495 2150 703 2191 Claudiae
726 2148 925 2200 Quintae,
947 2149 1121 2199 eiusque
1142 2153 1331 2189 statuam
1351 2150 1439 2190 uim
