1618 2444
271 114 350 153 AB
389 112 655 154 EXOESSV
696 112 960 153 AVGVSTI
1001 112 1080 152 IV.
1120 112 1253 152 7—10
1372 111 1395 151 7

127 218 268 258 Druso
288 232 435 269 preces
455 218 511 258 ad
533 233 608 258 uos
625 222 833 258 conuerte
854 218 1004 268 disque
1026 223 1068 258 et
1090 219 1231 268 patria
1252 232 1396 258 coram

127 283 340 324 obtestor:
376 284 565 334 Augusti
593 289 862 335 pronepotes,
891 285 1137 325 clarissimis
1162 284 1397 324 maioribus

128 350 309 400 genitos,
339 350 553 400 suscipite,
590 350 740 400 regite,
775 357 965 390 uestram
1000 364 1224 400 meamque
1259 349 1397 389 uicem

130 414 311 465 explete.
368 414 414 453 hi
445 415 578 464 nobis,
612 414 730 454 Nero
769 419 812 454 et
847 414 998 464 Druse,
1034 418 1262 464 parentum
1292 414 1397 453 loco,

129 479 192 518 ita
207 479 298 518 nati
315 479 428 528 estis,
447 484 493 518 ut
506 479 620 518 bona
637 479 834 529 malaque
850 484 993 519 uestra
1007 479 1062 519 ad
1076 494 1165 519 rem
1180 478 1397 529 publicam
1421 493 1463 526 30

131 543 405 595 pertineant.'

211 611 250 653 9.
310 609 474 660 Magno
501 624 551 649 ea
578 610 681 649 fletu
708 614 751 650 et
778 625 877 649 mox
905 610 1225 661 precationibus
1245 609 1400 649 faustis

130 675 302 724 audita3
333 690 395 726 ac,
414 676 447 715 si
468 675 641 715 modum
664 676 847 716 orationi
866 676 1088 726 posuisset,
1105 675 1399 715 misericordia

131 741 196 781 sui
230 741 454 792 gloriaque
494 741 659 781 animos
698 741 969 781 audientium
1007 741 1288 791 impleuerat:
1343 741 1399 780 ad

131 821 247 846 uana
285 811 328 846 et
366 807 524 847 totiens
562 808 695 847 inrisa
734 808 969 857 reuolutus,
1005 807 1058 847 de
1096 806 1320 847 reddenda
1354 822 1400 847 re

132 872 306 923 publica
327 877 460 922 utque
481 873 677 912 consules
704 887 778 913 seu
805 873 900 923 quis
927 872 1037 912 alius
1057 872 1249 922 regimen
1271 872 1400 912 susci·
1425 888 1441 920 5

133 941 297 988 perent,
343 952 445 977 uero
493 951 663 987 quoque
712 942 754 977 et
798 937 978 977 honesto
1026 936 1153 976 fidem
1203 936 1401 987 dempsit.

134 1002 363 1043 memoriae
384 1003 515 1042 Drusi
536 1003 687 1043 eadem
714 1017 824 1053 quae
851 1002 896 1042 in
923 1002 1229 1042 Germanicum
1256 1001 1401 1042 decer-

133 1071 309 1117 nuntur,
344 1067 558 1118 plerisque
594 1067 766 1117 additis,
798 1072 844 1107 ut
878 1067 1015 1107 ferme
1045 1072 1162 1106 amat
1193 1067 1403 1117 posterior

134 1133 339 1174 adulatio.
396 1133 527 1173 funus
555 1134 794 1184 imaginum
823 1148 979 1184 pompa
1007 1133 1193 1173 maxime
1220 1133 1401 1174 inlustre

133 1198 229 1247 fuit,
278 1213 376 1238 cum
423 1199 543 1249 origo
592 1199 729 1239 Iuliae
777 1199 920 1250 gentis
959 1200 1131 1239 Aeneas
1169 1213 1401 1249 omnesque
1427 1218 1466 1240 10

135 1265 406 1305 Albanorum
438 1278 563 1314 reges
593 1268 636 1304 et
668 1264 865 1304 conditor
900 1264 1018 1303 urbis
1051 1264 1272 1314 Romulus,
1306 1268 1402 1314 post

136 1330 300 1370 Sabina
336 1329 552 1377 nobilitas
592 1330 725 1370 Attus
761 1329 942 1370 Clausus
982 1333 1236 1379 ceteraeque
1276 1328 1402 1370 Clau-

135 1394 303 1434 diorum
333 1394 495 1444 effigies
523 1394 653 1444 longo
684 1394 833 1434 ordine
863 1397 1173 1444 spectarentur.

218 1460 290 1503 10.
347 1460 400 1499 In
439 1460 653 1500 tradenda
692 1464 829 1500 morte
875 1460 1004 1500 Drusi
1053 1474 1163 1510 quae
1208 1461 1403 1511 plurimis

135 1526 434 1576 maximaeque
454 1526 554 1566 fidei
581 1526 830 1566 auctoribus
851 1530 1088 1566 memorata
1110 1530 1210 1565 sunt
1230 1526 1402 1575 rettuli3

136 1592 211 1632 sed
243 1607 330 1632 non
368 1592 582 1632 omiserim
621 1592 855 1632 eorundem
894 1597 1137 1642 temporum
1175 1606 1403 1642 rumorem,

136 1657 329 1697 ualidum
363 1657 484 1707 adeo,
519 1662 568 1697 ut
603 1657 794 1697 nondum
824 1657 1054 1697 exolescat.
1113 1660 1319 1707 corrupta
1347 1656 1404 1696 ad

139 1721 278 1761 scelus
310 1721 434 1761 Liuia
470 1721 673 1761 Seianum
701 1721 845 1771 Lygdi
875 1735 1045 1771 quoque
1076 1721 1279 1772 spadonis
1313 1721 1403 1761 ani·
1426 1735 1443 1768 5

136 1801 253 1826 mum
292 1787 493 1835 uinxisse,
528 1787 644 1837 quod
678 1787 714 1827 is
752 1791 895 1827 aetate
934 1792 1065 1837 atque
1104 1787 1245 1827 forma
1279 1801 1404 1827 carus

137 1853 309 1893 domino
347 1853 545 1903 interque
580 1853 788 1903 primores
825 1853 1044 1893 ministros
1083 1857 1198 1902 erat;
1248 1853 1404 1894 deinde

137 1918 250 1958 inter
264 1918 454 1958 conscios
468 1918 542 1957 ubi
555 1918 673 1958 locus
689 1917 885 1958 ueneficii
901 1922 1154 1968 tempusque
1171 1917 1406 1968 composita

136 1982 233 2032 sint,
261 1997 309 2022 eo
339 1982 546 2022 audaciae
576 1988 842 2033 prouectum,
873 1987 921 2023 ut
950 1987 1140 2023 uerteret
1169 1987 1212 2022 et
1237 1983 1404 2023 occulto

136 2046 295 2086 indicio
326 2046 515 2085 Drusum
543 2047 697 2086 ueneni
726 2047 770 2086 in
800 2051 969 2097 patrem
995 2061 1182 2097 arguens
1211 2051 1405 2087 moneret
1430 2059 1467 2082 10

137 2110 357 2150 Tiberium
391 2111 616 2150 uitandam
652 2111 882 2161 potionem,
913 2126 1023 2162 quae
1052 2112 1191 2162 prima
1221 2111 1259 2151 ei
1289 2111 1405 2162 apud

137 2176 271 2215 filium
292 2176 483 2226 epulanti
505 2176 746 2217 offerretur.
804 2192 854 2217 ea
874 2177 1029 2218 fraude
1050 2181 1225 2228 captum
1247 2191 1404 2227 senem,
