1618 2444
232 111 280 150 18
603 110 886 151 CORNELII
926 111 1125 151 TAOITI

229 218 524 269 praedatorias
551 232 703 257 manus
724 217 879 257 delecti
903 218 1153 258 Maurorum
1174 218 1348 260 duxere.
1405 219 1495 270 ipse

229 285 447 325 consultor
468 284 620 324 aderat
644 284 853 324 omnibus.
1203 333 1208 339 ι

310 351 383 394 25.
441 350 532 390 Nec
577 349 713 389 multo
759 354 853 400 post
892 350 1091 390 adfertur
1130 351 1342 391 Numidas
1380 351 1495 402 apud

229 416 454 457 castellum
489 415 752 464 semirutum,
784 415 838 454 ab
872 416 974 465 ipsis
1008 416 1228 465 quondam
1259 416 1495 467 incensum,

229 482 297 522 cui
324 495 480 521 nomen
508 481 669 529 Auzea,
692 479 840 529 positis
860 480 1103 530 mapalibus
1123 481 1376 531 consedisse,
1397 481 1496 521 fisos

228 548 334 596 loco,
355 546 456 596 quia
486 544 620 584 uastis
650 544 811 584 circum
841 544 1022 584 saltibus
1049 545 1346 585 claudebatur.
1403 549 1496 585 tum

191 620 207 652 5
229 610 458 662 expeditae
488 610 684 649 cohortes
714 609 907 659 alaeque,
939 624 1069 659 quam
1098 610 1143 649 iu
1172 614 1339 660 partem
1369 610 1495 651 duce-

229 681 378 718 rentur
417 676 610 727 ignarae,
650 675 734 715 cito
775 676 947 725 agmine
986 676 1226 726 rapiuntur.
1284 677 1495 727 simulque

228 747 404 794 coeptus
431 742 522 781 dies
549 745 591 781 et
619 745 831 781 concentu
858 741 1059 781 tubarum
1091 756 1139 781 ac
1167 742 1278 782 truci
1309 742 1494 783 clamore

228 810 412 850 aderant
439 807 715 847 semisomnos
740 807 784 846 111
812 808 1033 857 barbaros,
1056 808 1317 858 praepeditis
1345 808 1386 847 N
1389 808 1494 847 umi-

228 875 381 915 darum
409 874 529 924 equis
556 878 632 913 aut
659 873 851 913 diuersos
874 878 1022 924 pastus
1044 874 1379 924 pererrantibus.
1437 874 1493 914 ab

172 959 208 982 10
229 941 435 981 Romanis
461 939 681 980 confertus
707 938 849 989 pedes,
877 938 1107 989 dispositae
1135 944 1315 989 turmae,
1337 944 1495 980 cuncta

228 1006 388 1057 proelio
410 1004 593 1055 prouisa.
642 1003 837 1043 hostibus
859 1008 1010 1043 contra
1030 1004 1221 1044 omnium
1240 1004 1393 1045 nesciis
1408 1019 1494 1045 non

228 1087 360 1122 arma,
388 1085 475 1110 non
505 1069 622 1119 ordo,
649 1083 734 1108 11011
765 1068 1001 1118 consilium,
1033 1068 1107 1108 sed
1137 1084 1336 1119 pecorum
1368 1069 1494 1110 modo

228 1138 354 1187 trahi,
376 1136 525 1185 occidi,
547 1135 653 1185 capi.
712 1134 904 1174 infensus
930 1134 1051 1174 miles
1072 1134 1277 1174 memoria
1297 1135 1494 1176 laborum

228 1209 271 1245 et
309 1204 539 1243 aduersum
574 1201 798 1242 eludentes
831 1204 1006 1250 optatae
1040 1200 1197 1240 totiens
1231 1215 1415 1252 pugnae,
1450 1217 1493 1243 se

170 1286 206 1319 15
228 1270 406 1320 quisque
428 1268 589 1307 ultione
611 1271 653 1306 et
674 1266 883 1315 sanguine
904 1265 1150 1316 explebant.
1199 1266 1400 1307 differtur
1420 1282 1495 1318 per

228 1333 481 1383 manipulos,
509 1330 831 1371 Tacfarinatem
856 1343 1014 1379 omneS,
1042 1333 1191 1369 notum
1219 1334 1283 1370 tot
1309 1331 1493 1382 proeliis,

229 1401 531 1438 consectentur
544 1413 552 1445 3
585 1410 669 1434 11011
696 1394 777 1433 nisi
801 1393 910 1433 duce
930 1393 1159 1433 interfecto
1180 1394 1372 1445 requiem
1391 1396 1494 1436 belli

229 1463 333 1503 fore.
391 1466 436 1501 at
465 1460 535 1499 ille
566 1458 743 1499 deiectis
771 1457 932 1497 circum
959 1458 1238 1507 stipatoribus
1263 1459 1493 1511 uinctoque

228 1530 314 1569 iam
341 1528 428 1568 filio
455 1531 499 1567 et
525 1525 671 1566 effusis
700 1524 889 1574 undique
918 1524 1135 1574 Romanis,
1158 1525 1321 1565 ruendo
1341 1526 1386 1566 111
1407 1527 1493 1567 tela

169 1610 210 1632 20
229 1594 529 1645 captiuitatem
555 1590 673 1630 haud
701 1589 839 1629 inulta
866 1593 1004 1629 morte
1031 1589 1197 1639 effugit.
1254 1590 1374 1641 isque
1398 1593 1493 1633 finis

229 1660 359 1700 armis
379 1657 613 1708 impositus.

310 1726 383 1769 26.
442 1721 695 1763 Dolabellae
731 1719 895 1771 petenti
930 1720 1083 1760 abnuit
1118 1720 1397 1771 triumphalia
1427 1723 1494 1762 Ti-

230 1790 386 1838 berius,
410 1787 565 1828 Seiano
593 1785 800 1833 tribuens,
821 1798 875 1823 ne
903 1783 1044 1822 Blaesi
1065 1784 1270 1824 auunculi
1290 1785 1381 1825 eius
1400 1787 1494 1827 laus

229 1855 526 1895 obsolesceret.
585 1850 659 1890 sed
690 1863 827 1898 neque
858 1848 1036 1888 Blaesus
1064 1847 1160 1888 ideo
1188 1848 1422 1901 inlustrior,
1452 1859 1493 1893 et

230 1921 328 1960 huic
350 1922 534 1968 negatus
554 1916 691 1955 honor
711 1913 894 1964 gloriam
912 1913 1101 1953 intendit
1112 1931 1121 1962 ;
1152 1914 1310 1965 quippe
1330 1916 1493 1959 minore

190 2002 207 2034 5
229 1985 420 2026 exercitu
459 1982 649 2031 insignes
688 1979 895 2029 captiuos,
934 1978 1107 2018 caedem
1147 1978 1268 2019 ducis
1306 1981 1493 2032 bellique

229 2049 414 2092 confecti
447 2048 608 2087 famam
643 2046 904 2095 deportarat.
962 2043 1253 2093 sequebantur
1287 2050 1330 2085 et
1359 2047 1493 2090 Gara-

230 2116 425 2156 mantum
453 2112 599 2163 legati,
627 2126 724 2151 raro
754 2110 795 2150 in
827 2110 933 2149 urbe
964 2109 1055 2158 uisi,
1082 2124 1188 2160 quos
1218 2111 1493 2157 Tacfarinate

230 2196 352 2222 caeso
397 2178 593 2230 perculsa
639 2191 757 2226 gens,
797 2175 870 2215 sed
915 2174 1066 2224 culpae
1111 2176 1255 2215 nescia
1293 2178 1349 2217 ad
1388 2180 1492 2221 satis
