1618 2444
256 108 305 148 14
628 107 911 148 CORNELII
951 108 1149 150 TACITI

336 216 407 258 18.
466 213 561 265 Qua
595 228 725 254 causa
764 213 809 254 C.
851 214 1003 254 Silium
1038 219 1081 254 et
1114 214 1275 254 Titium
1311 213 1520 255 Sabinum

251 279 520 330 adgreditur.
577 278 767 318 amicitia
795 278 1043 318 Grermanici
1073 279 1313 329 perniciosa
1335 278 1522 329 utrique,

253 345 357 386 Silio
396 350 439 385 et«
468 344 585 395 quod
613 345 804 394 ingentis
833 345 1050 384 exercitus
1079 349 1242 395 septem
1276 359 1353 395 per
1386 358 1522 385 annos

250 410 497 450 moderator
518 410 738 460 partisque
755 409 871 460 apud
888 409 1166 450 Germaniam
1186 409 1522 460 triumphalibus

214 484 232 516 5
253 475 544 517 Sacrouiriani
573 475 676 515 belli
713 475 863 522 uictor,
895 480 1059 525 quanto
1093 474 1254 515 maiore
1284 475 1396 515 mole
1425 489 1521 525 pro-

251 540 426 590 cideret,
474 540 570 590 plus
616 539 862 580 formidinis
912 540 957 579 in
1013 539 1120 580 alios
1176 539 1520 591 dispergebatur.

250 605 488 646 credebant
529 605 722 656 plerique
762 610 935 645 auctam
971 605 1252 645 offensionem
1288 605 1422 655 ipsius
1458 605 1521 644 in-

250 672 550 723 temperantia,
589 671 816 712 immodice
854 671 1057 711 iactantis
1097 686 1221 711 suum
1258 671 1439 711 militem
1475 671 1520 710 in

250 737 454 787 obsequio
493 736 731 787 durauisse,
770 750 868 776 cum
906 736 979 776 alii
1018 736 1074 776 ad
1113 736 1343 777 seditiones
1381 736 1520 786 prola-

193 814 232 837 10
248 803 477 852 berentur;
508 817 649 852 neque
676 816 927 842 mansurum
956 802 1127 842 Tiberio
1154 802 1394 853 imperium,
1416 802 1450 842 si
1469 802 1520 842 iis

249 882 418 917 quoque
451 867 696 917 legionibus
726 866 882 917 cupido
912 866 1104 906 nouandi
1132 866 1297 907 fuisset.
1355 866 1519 907 destrui

249 948 325 983 per
353 933 460 973 haec
492 933 716 973 fortunam
746 947 867 972 suain
899 932 1057 973 Caesar
1085 933 1367 983 inparemque
1396 936 1519 972 tanto

248 999 401 1038 merito
422 999 613 1039 rebatur.
672 1013 773 1038 nam
802 997 1011 1038 beneficia
1037 1011 1086 1038 eo
1114 1012 1248 1047 usque
1268 997 1385 1038 laeta
1406 1004 1518 1048 sunt,

249 1064 352 1104 dum
368 1064 574 1104 uidentur
590 1064 754 1104 exsolui
770 1078 891 1114 posse
908 1081 916 1113 ;
948 1063 1023 1103 ubi
1040 1063 1225 1102 multum
1245 1068 1520 1112 anteuenere,

192 1144 227 1177 15
248 1144 324 1180 pro
346 1129 489 1179 gratia
511 1128 658 1168 odium
679 1128 889 1168 redditur.

330 1195 395 1238 19.
454 1194 559 1234 Erat
582 1208 691 1233 uxor
714 1193 820 1234 Silio
843 1192 964 1233 Sosia
991 1192 1131 1242 Galla,
1153 1193 1333 1233 caritate
1359 1193 1519 1244 Agrip-

247 1260 375 1310 pinae
395 1260 534 1300 inuisa
562 1259 758 1310 principi.
815 1259 892 1299 hos
919 1259 1075 1310 corripi
1105 1259 1239 1300 dilato
1267 1260 1323 1300 ad
1350 1265 1520 1311 tempus

251 1325 413 1365 Sabino
463 1325 683 1376 placitum,
732 1325 1017 1374 inmissusque
1066 1324 1207 1365 Varro
1246 1326 1406 1376 consul,
1445 1326 1520 1376 qui

248 1401 453 1443 paternas
483 1391 729 1431 inimicitias
759 1391 999 1431 obtendens
1028 1390 1136 1430 odiis
1167 1391 1312 1431 Seiani
1342 1406 1418 1442 per
1447 1391 1519 1432 de-

211 1458 378 1505 5decus
417 1472 541 1497 suum
580 1457 923 1507 gratificabatur.
986 1462 1191 1507 precante
1229 1471 1302 1497 reo
1340 1457 1518 1497 breuem

248 1538 423 1573 moram,
446 1523 549 1562 duni
579 1526 806 1562 accusator
827 1522 1053 1561 consulatu
1082 1522 1235 1573 abiret,
1261 1522 1518 1563 aduersatus

247 1594 311 1628 est
359 1587 517 1628 Caesar
528 1605 538 1637 3
597 1587 770 1627 solitum
818 1587 976 1637 quippe
1029 1587 1357 1637 magistratibus
1404 1588 1517 1628 djem

247 1653 428 1703 priuatis
448 1652 590 1692 dicere
602 1670 612 1702 3
644 1667 721 1692 nec
741 1652 1069 1702 infringendum
1090 1653 1275 1692 consulis
1298 1652 1376 1702 ius,
1397 1652 1518 1692 cuius

247 1717 407 1767 uigiliis
433 1717 657 1766 niteretur,
685 1731 738 1755 ne
766 1716 881 1766 quod
907 1731 974 1756 res
1005 1717 1179 1767 publica
1209 1716 1518 1757 detrimentum

190 1804 228 1827 10
247 1786 432 1832 caperet.
504 1781 725 1831 proprium
763 1781 807 1820 id
846 1781 1017 1821 Tiberio
1058 1782 1141 1820 fuit
1181 1781 1342 1821 scelera
1380 1795 1517 1831 nuper

246 1852 417 1897 reperta
455 1845 605 1895 priscis
641 1845 784 1885 uerbis
819 1845 1036 1896 obtegere.
1094 1845 1229 1895 igitur
1267 1845 1404 1885 multa
1442 1845 1517 1885 ad-

247 1910 527 1959 seueratione,
549 1910 672 1959 quasi
692 1917 768 1948 aut
785 1909 955 1959 legibus
971 1924 1068 1949 cum
1092 1910 1196 1951 Silio
1217 1916 1422 1960 ageretur
1440 1915 1517 1950 aut

245 1977 387 2017 Varro
418 1976 566 2017 consul
596 1983 671 2015 aut
701 1975 809 2014 illud
838 1990 906 2015 res
936 1976 1110 2026 publica
1140 1980 1263 2025 esset,
1300 1981 1517 2026 coguntur

246 2048 401 2093 patres.
447 2042 598 2081 silente
615 2056 701 2091 reo,
719 2041 800 2090 uel,
819 2041 852 2079 si
869 2040 1162 2081 defensionem
1178 2046 1412 2092 coeptaret,
1427 2055 1515 2081 non

189 2126 225 2159 15
245 2108 491 2147 occultante
530 2107 650 2146 cuius
688 2106 754 2146 ira
791 2112 1070 2156 premeretur,
1106 2107 1369 2147 conscientia
1410 2106 1515 2147 belli

248 2174 448 2214 Sacrouir
487 2173 559 2213 diu
601 2173 907 2220 dissimulatus,
946 2173 1128 2212 uictoria
1169 2187 1246 2223 per
1284 2172 1514 2212 auaritiam
