1618 2444
222 121 272 161 10
596 120 881 163 CORNELII
920 123 1118 163 TAUITI

219 227 336 267 exilii
391 228 624 268 admodum
673 229 885 269 infantem
936 233 1060 279 pater
1116 229 1393 279 Sempronius
1445 229 1489 268 in

218 293 403 332 insulam
439 293 663 333 Cercinam
704 294 878 334 tulerat.
936 294 1023 333 illic
1063 293 1238 334 adultus
1272 294 1386 334 inter
1420 308 1491 334 ex-

221 361 357 397 torres
378 362 421 397 et
441 358 684 398 liberalium
706 359 865 399 artium
884 359 1060 408 nescios,
1078 374 1176 399 mox
1199 374 1274 409 per
1296 358 1488 399 Africam

163 432 200 466 15
220 438 269 463 ac
293 423 481 463 Siciliam
506 424 714 464 imitando
735 424 930 464 sordidas
955 439 1118 464 merces
1138 425 1466 464 sustentabatur
1479 442 1489 474 3

220 501 359 536 neque
386 491 531 527 tamen
560 488 713 538 effugit
742 503 926 538 magnae
953 488 1154 528 fortunae
1181 489 1384 539 pericula.
1442 503 1491 528 ac

221 553 262 592 111
285 553 436 593 Aelius
457 554 607 594 Lamia
628 559 671 594 et
692 555 738 595 L.
761 555 992 605 Apronius,
1014 556 1088 605 qui
1104 556 1301 595 Africam
1322 555 1492 595 obtinu-

221 625 358 670 erant,
403 621 617 661 insontem
664 622 968 672 protexissent,
1008 622 1266 661 claritudine
1313 621 1491 662 infausti

222 686 392 736 generis
421 691 464 726 et
494 687 686 737 paternis
715 687 909 727 aduersis
937 687 1051 727 foret
1081 688 1338 728 abstractus.

304 749 375 794 14.
434 751 477 791 Is
524 767 694 802 quoque
742 767 880 792 annus
933 753 1173 802 legationes
1226 753 1491 793 Graecarum

222 816 466 856 ciuitatium
500 816 667 867 habuit,
700 817 855 857 Samiis
884 817 1075 867 Iunonis,
1112 817 1209 858 Cois
1245 818 1491 868 Aesculapii

223 881 403 921 delubro
424 886 643 922 uetustum
665 883 773 933 asyli
796 883 861 922 ius
890 888 938 922 ut
968 884 1214 923 firmaretur
1233 883 1492 934 petentibus.

225 947 357 987 Samii
417 947 590 987 decreto
646 948 1019 998 Amphictyonum
1075 948 1341 998 nitebantur,
1399 948 1494 998 quis

186 1027 203 1060 5
224 1012 501 1063 praecipuum
530 1012 615 1052 fuit
642 1005 785 1052 rerum
813 1013 1004 1052 oninium
1033 1013 1252 1063 iudicium,
1279 1028 1365 1063 qua
1388 1018 1494 1053 tem-

223 1081 391 1128 pestate
412 1077 567 1117 Graeci
589 1078 774 1117 conditis
794 1092 870 1128 per
891 1078 1041 1117 Asiam
1062 1078 1243 1117 urbibus
1270 1092 1345 1118 ora
1364 1078 1495 1118 maris

224 1144 516 1194 potiebantur.
573 1158 713 1194 neque
741 1144 887 1194 dispar
908 1144 1023 1194 apud
1046 1143 1154 1184 Coos
1181 1144 1431 1194 antiquitas,
1454 1148 1496 1184 et

224 1210 464 1251 accedebat
498 1211 699 1250 meritum
735 1225 787 1250 ex
821 1210 936 1257 loc-03
986 1224 1087 1249 nain
1126 1210 1241 1250 ciues
1280 1210 1497 1250 Romanos

224 1276 384 1326 templo
432 1276 681 1326 Aesculapii
735 1276 1012 1325 induxerant,
1061 1289 1158 1315 cum
1212 1275 1329 1315 iussu
1382 1275 1498 1325 regis

170 1355 208 1378 10
226 1341 495 1382 Mithridatis
533 1342 649 1393 apud
688 1346 868 1381 cunctas
908 1342 1038 1381 Asiae
1077 1341 1240 1381 insulas
1279 1345 1321 1381 et
1366 1341 1495 1381 urbes

227 1407 563 1447 trucidarentur.
620 1407 752 1447 uariis
773 1406 929 1446 dehinc
958 1410 1000 1446 et
1021 1406 1190 1456 saepius
1213 1406 1354 1445 inritis
1374 1420 1495 1456 prae-

227 1478 370 1513 torum
409 1473 646 1523 questibus,
686 1477 900 1522 postremo
942 1471 1100 1512 Caesar
1138 1472 1191 1512 de
1239 1471 1496 1512 inmodestia

228 1538 484 1578 histrionum
498 1537 684 1577 rettulit:
707 1537 843 1576 multa
857 1537 912 1576 ab
926 1537 976 1576 iis
989 1537 1033 1576 in
1049 1537 1270 1587 publicum
1284 1536 1496 1586 seditiose,

227 1603 355 1643 foeda
371 1618 448 1653 per
460 1602 609 1642 domos
623 1602 826 1652 temptari
834 1619 843 1650 3
866 1601 1023 1641 Oscum
1037 1601 1254 1651 quondam
1269 1601 1495 1651 ludicrum,

173 1686 209 1719 15
229 1669 470 1709 lenissimae
491 1667 607 1718 apud
630 1667 809 1717 uulgum
830 1666 1143 1714 oblectationis,
1165 1680 1213 1705 60
1235 1665 1497 1715 flagitiorum

230 1738 273 1774 et
288 1734 446 1773 uirium
466 1732 646 1782 uenisse,
668 1736 717 1771 ut
733 1731 992 1771 auctoritate
1014 1735 1186 1781 patrum
1208 1731 1495 1771 coercendum

231 1801 296 1840 sit.
355 1799 466 1850 pulsi
487 1803 579 1838 tum
600 1797 829 1837 histriones
850 1796 991 1836 Italia.

313 1865 385 1908 15.
442 1863 564 1903 Idem
599 1877 738 1902 annus
777 1862 861 1901 alio
899 1875 1069 1911 quoque
1108 1861 1227 1901 luctu
1267 1860 1495 1901 Caesarem

231 1930 406 1980 adfecit,
446 1929 630 1969 alterum
678 1942 731 1967 ex
774 1927 955 1977 geminis
1002 1927 1128 1966 Drusi
1168 1926 1314 1966 liberis
1360 1927 1497 1967 extin-

233 1995 416 2045 guendo,
447 2008 585 2043 neque
616 1993 756 2032 minus
782 1997 919 2032 morte
947 1992 1084 2031 amici.
1142 1991 1280 2031 isfuit
1308 1992 1498 2033 Lucilius

233 2061 420 2110 Longus,
460 2058 649 2099 omnium
687 2057 749 2096 illi
792 2057 979 2096 tristium
1018 2056 1314 2106 laetorumque
1359 2057 1497 2097 socius

195 2143 211 2176 5
232 2138 427 2174 unusque
462 2138 483 2163 e
519 2122 790 2163 senatoribus
821 2122 976 2161 Rhodii
1008 2135 1197 2161 secessus
1227 2136 1378 2162 comes.
1435 2122 1497 2162 ita

233 2204 495 2240 quamquam
530 2203 641 2228 nouo
673 2187 832 2227 homini
870 2186 1108 2226 censorium
1139 2186 1282 2237 funus,
1313 2187 1497 2237 effigiem
