1618 2444
76 736 394 775 GHAP'I'ERS
440 735 653 773 17—33:
705 734 951 772 EVEN'I'S
1002 733 1080 771 OF
1123 732 1186 770 24
1229 732 1338 769 A.D.

156 888 227 932 17.
285 886 483 928 Cornelio
511 886 703 937 Cethego
727 885 908 926 Visellio
935 885 1134 925 Varrone
1159 884 1342 925 consuli-

75 953 155 992 bus
184 953 407 1003 pontifices
435 967 668 1002 eorumque
698 952 896 1001 exemplo
925 952 1057 991 ceteri
1086 950 1343 999 sacerdoteS,

76 1032 173 1057 cum
211 1032 287 1068 pro
326 1017 621 1057 incolumitate
667 1016 872 1066 principis
916 1021 1019 1055 uota
1064 1016 1343 1065 susciperent,

76 1082 293 1122 Neronem
303 1096 472 1132 quoque
487 1086 528 1121 et
543 1082 731 1121 Drusum
745 1081 879 1121 isdem
895 1081 959 1120 (lis
973 1080 1344 1129 commendauere,

75 1160 163 1186 non
196 1150 287 1185 tam
320 1146 501 1186 caritate
536 1146 741 1186 iuuenum
773 1160 903 1195 quam
938 1145 1200 1194 adulatione,
1235 1158 1346 1195 quae
1367 1155 1384 1188 5

77 1211 268 1251 moribus
300 1212 514 1262 corruptis
548 1212 727 1262 perinde
766 1226 938 1262 anceps,
974 1212 1008 1251 si
1042 1212 1161 1251 nulla
1197 1216 1239 1251 et
1273 1210 1347 1250 ubi

78 1276 211 1316 nimia
258 1281 333 1317 est.
409 1292 509 1316 nam
548 1277 744 1317 Tiberius
782 1277 900 1317 haud
948 1292 1153 1327 uinquam
1202 1276 1347 1317 domui

79 1340 325 1381 Germanici
368 1342 495 1391 initis,
540 1346 629 1381 tum
678 1356 779 1382 uero
825 1342 1002 1391 aequari
1050 1341 1348 1381 adulescentes

81 1411 279 1446 senectae
300 1421 401 1447 suae
421 1407 685 1457 inpatienter
704 1407 913 1456 indoluit;
945 1408 1190 1457 accitosque
1210 1408 1349 1458 ponti-

81 1472 181 1512 fices
215 1476 492 1522 percontatus
523 1477 587 1512 est
626 1488 729 1512 num
766 1473 810 1512 id
845 1474 1045 1524 precibus
1078 1473 1348 1524 Agrippinae

82 1541 158 1576 aut
192 1537 318 1576 minis
357 1537 621 1577 tribuissent.
680 1543 722 1577 et
760 1538 822 1577 illi
861 1538 1048 1589 quidem,
1087 1553 1351 1588 quamquam

83 1603 336 1653 abnuerent,
367 1603 534 1643 modice
574 1604 814 1653 perstricti3
857 1605 1016 1644 etenim
1055 1619 1154 1655 pars
1191 1618 1351 1654 magna

84 1682 106 1707 e
150 1667 400 1718 propinquis
443 1668 575 1718 ipsius
615 1673 691 1708 aut
734 1669 941 1719 primores
982 1670 1171 1709 ciuitatis
1215 1673 1352 1709 erant.

86 1736 278 1771 ceterum
303 1732 347 1771 in
375 1737 527 1771 senatu
555 1733 749 1772 oratione
774 1734 940 1773 monuit
970 1733 1015 1772 in
1042 1738 1272 1783 posterum,
1300 1747 1353 1772 ne

83 1797 178 1847 quis
223 1797 402 1838 mobiles
450 1797 792 1838 adulescentium
846 1799 1010 1838 animos
1066 1798 1354 1849 praematuris

87 1861 324 1901 honoribus
344 1861 399 1901 ad
421 1862 667 1912 superbiam
688 1863 927 1903 extolleret.
985 1863 1177 1903 instabat
1197 1863 1355 1913 quippe

92 1925 274 1966 Seianus
307 1926 622 1977 incusabatque
651 1927 875 1967 diductam
904 1928 1127 1968 ciuitatem
1157 1932 1205 1967 ut
1239 1927 1356 1967 ciuili

86 1990 200 2031 bello
213 2008 222 2040 ;
253 2005 342 2031 esse
363 1991 437 2041 qui
457 2006 500 2032 se
527 1992 714 2042 partium
738 1993 1008 2043 Agrippinae
1034 2000 1203 2043 uocent,
1229 2008 1291 2045 ac,
1312 1994 1357 2033 ni

90 2056 329 2106 resistatur,
362 2056 455 2097 fore
489 2057 655 2107 plures3
698 2072 836 2107 neque
867 2058 986 2097 aliud
1019 2059 1240 2109 gliscentis
1275 2059 1358 2098 dis-

1375 1494 1410 1516 10

1379 1817 1412 1849 15

89 2121 260 2162 cordiae
298 2122 535 2162 remedium
574 2138 704 2173 quam
743 2124 776 2163 si
816 2139 926 2163 unus
966 2125 1131 2166 alterne
1170 2126 1357 2165 maxime
1379 2148 1420 2170 20

89 2187 277 2237 prompti
298 2187 667 2228 subuerterentur.
