1618 2444
231 62 310 101 AB
349 61 615 102 EXCESSV
655 60 921 102 AVGVSTI
961 60 1039 101 IV.
1079 61 1236 101 48—51
1324 59 1375 101 37

105 169 310 219 occidere,
341 169 415 209 sed
450 170 583 209 Tarsa
619 184 847 220 properum
879 169 1021 225 finem,
1052 168 1376 219 abrumpendas

105 234 267 284 pariter
305 248 399 283 spes
437 248 487 273 ac
524 238 663 273 metus
698 233 938 282 clamitans,
974 233 1094 272 dedit
1128 233 1374 282 exemplum

107 299 289 340 demisso
328 300 372 339 in
410 304 560 350 pectus
597 299 735 348 ferro;
778 313 856 338 nec
896 298 1073 339 defuere
1111 299 1185 349 qui
1224 298 1374 339 eodem
1398 308 1433 342 15

104 365 231 404 modo
265 369 529 415 oppeterent.
587 364 759 404 Turesis
794 378 870 403 sua
905 377 1003 402 cum
1036 378 1168 402 manu
1202 368 1374 403 noctem

105 431 338 481 opperitur,
363 430 480 470 haud
507 430 650 470 nescio
678 430 787 469 duce
814 434 984 479 nostro,
1014 429 1149 479 igitur
1176 429 1373 470 firmatae

105 496 309 536 stationes
326 496 595 536 densioribus
611 495 763 545 globis.
817 500 860 535 et
874 495 1109 544 ingruebat
1124 510 1211 535 nox
1226 495 1373 535 nimbo

104 566 241 610 atrox,
268 561 486 611 hostisque
514 561 699 602 clamore
727 560 914 611 turbido,
942 560 1069 600 modo
1097 575 1173 610 per
1200 564 1372 600 uastum

103 626 332 676 silentium,
353 626 541 666 incertos
562 626 804 666 obsessores
824 625 1042 675 effecerat,
1064 639 1161 664 cum
1185 625 1372 665 Sabinus
1392 640 1433 662 20

103 692 340 741 circumire,
361 692 526 732 hortari
554 706 607 732 ne
635 691 690 731 ad
718 691 924 741 ambigua
951 691 1115 731 sonitus
1141 696 1217 731 aut
1244 691 1371 731 simu-

102 757 308 798 lationem
337 758 493 808 quietis
521 771 669 797 casum
697 756 1004 796 insidiantibus
1033 756 1265 807 aperirent,
1296 757 1371 796 sed
1422 803 1426 809 ³

103 836 179 862 sua
206 823 385 873 quisque
412 822 559 862 munia
587 826 812 862 seruarent
832 821 997 861 immoti
1018 821 1199 871 telisque
1220 836 1306 861 non
1326 821 1371 861 in

100 886 259 927 falsum
278 888 414 928 iactis.

183 951 250 996 51.
309 952 483 992 Interea
517 951 695 991 barbari
730 951 916 991 cateruis
946 950 1225 991 decurrentes
1254 966 1369 992 nunc

100 1017 144 1056 in
181 1017 346 1057 uallum
383 1017 602 1057 manualia
638 1032 755 1065 saxa,
792 1021 1016 1067 praeustas
1051 1017 1190 1067 sudes,
1225 1017 1370 1058 decisa

101 1081 256 1122 robora
271 1082 423 1131 iacere,
440 1095 556 1121 nunc
573 1081 775 1131 uirgultis
792 1085 834 1120 et
850 1081 1043 1120 cratibus
1060 1085 1103 1121 et
1119 1082 1369 1131 corporibus

99 1145 308 1185 exanimis
342 1145 555 1195 complere
588 1144 736 1195 fossas,
767 1144 944 1195 quidam
977 1150 1129 1195 pontes
1158 1150 1201 1186 et
1231 1146 1369 1186 scalas

99 1216 200 1251 ante
225 1211 429 1251 fabricati
452 1210 614 1251 inferre
635 1211 973 1261 propugnaculis
993 1226 1128 1261 eaque
1150 1226 1366 1262 prensare,
1389 1223 1405 1256 5

99 1276 326 1317 detrahere
365 1281 408 1316 et
446 1276 677 1316 aduersum
716 1275 963 1315 resistentes
1002 1276 1240 1316 comminus
1274 1278 1366 1318 niti.

98 1341 220 1381 miles
264 1346 415 1381 contra
461 1341 696 1381 deturbare
741 1340 850 1390 telis,
890 1341 1048 1390 pellere
1093 1342 1366 1394 umbonibus,

97 1406 281 1446 muralia
314 1406 413 1456 pila,
444 1410 672 1456 congestas
706 1406 899 1455 lapidum
933 1406 1066 1446 moles
1100 1408 1364 1457 prouoluere.

96 1471 163 1510 his
196 1476 347 1521 partae
381 1471 589 1511 uictoriae
624 1485 720 1521 spes
753 1476 808 1520 et,
844 1471 876 1510 si
912 1471 1083 1521 cedant,
1117 1472 1365 1523 insignitius

96 1536 321 1586 flagitium,
342 1536 426 1576 illis
451 1541 646 1576 extrema
668 1537 755 1576 iam
780 1537 894 1576 salus
921 1541 965 1577 et
992 1537 1250 1579 adsistentes
1278 1541 1364 1590 ple·
1388 1559 1425 1580 10

95 1602 238 1652 risque
258 1606 418 1642 matres
438 1607 481 1642 et
502 1602 707 1652 coniuges
728 1617 963 1653 earumque
983 1603 1174 1644 lamenta
1195 1605 1364 1647 addunt

96 1667 272 1707 animos.
329 1682 416 1707 nox
442 1667 537 1706 aliis
563 1667 608 1706 in
635 1667 875 1718 audaciam,
897 1668 992 1708 aliis
1013 1669 1068 1708 ad
1088 1669 1363 1712 formidinem

96 1738 338 1783 opportuna
351 1750 360 1782 ;
391 1732 545 1773 incerti
569 1732 694 1782 ictus,
715 1733 897 1773 uulnera
918 1734 1158 1785 inprouisa,
1190 1751 1364 1777 suorum

95 1803 224 1849 atque
257 1799 446 1839 hostium
479 1799 695 1848 ignoratio
725 1804 768 1839 et
797 1800 955 1840 montis
989 1801 1192 1842 anfractu
1221 1818 1363 1854 reper-

95 1876 243 1903 cussae
272 1863 392 1903 uelut
422 1878 447 1903 a
476 1867 599 1913 tergo
626 1877 753 1903 uoces
780 1864 888 1904 adeo
916 1870 1074 1905 cuncta
1100 1867 1362 1909 miscuerant
1385 1884 1422 1917 15

94 1932 142 1967 ut
189 1927 401 1977 quaedam
448 1927 715 1967 munimenta
760 1928 943 1968 Romani
986 1931 1108 1980 quasi
1154 1938 1361 1983 perrupta

94 1992 325 2032 omiserint.
381 2006 520 2042 neque
554 1997 700 2032 tamen
734 2008 963 2043 peruasere
997 1995 1141 2035 hostes
1175 1997 1257 2036 nisi
1286 1998 1361 2038 ad-

93 2058 267 2099 modum
287 2058 425 2108 pauci.
472 2063 648 2109 ceteros,
670 2058 836 2099 deiecto
858 2060 1174 2110 promptissimo
1191 2077 1360 2114 quoque

94 2129 169 2164 aut
208 2124 364 2174 saucio,
399 2124 632 2174 adpetente
667 2125 752 2164 iam
786 2125 881 2166 luce
916 2130 1080 2167 trusere
1114 2127 1159 2167 111
1193 2142 1359 2170 summa
