1618 2444
196 118 246 155 245
568 116 851 158 CORNELII
891 116 1091 158 'PACITI

277 222 349 265 36.
409 221 610 262 Ceterum
658 221 930 272 postulandis
976 222 1060 262 reis
1104 226 1194 262 tam
1237 221 1470 262 continuus

195 301 334 326 annus
354 286 437 327 fuit
460 292 505 327 ut
525 287 734 327 feriarum
755 288 1013 327 Latinarum
1030 288 1182 329 diebus
1198 287 1467 339 praefectum

196 352 315 392 urbis
336 352 540 402 Drusum,
557 353 813 403 auspicandi
833 353 977 403 gratia
998 353 1192 394 tribunal
1212 355 1469 404 ingressum,

196 417 353 457 adierit
392 417 653 467 Calpurnius
694 417 925 458 Saluianus
959 419 1002 458 in
1039 418 1219 460 Sextum
1255 419 1468 466 Marium5

159 497 175 530 5
197 483 311 533 quod
340 498 365 523 a
396 484 579 523 Caesare
610 484 754 534 palam
782 484 1041 534 increpitum
1071 498 1201 524 causa
1231 484 1347 524 exilii
1377 483 1470 524 Sal-

196 549 324 589 uiano
350 548 446 588 fuit.
505 549 673 589 obiecta
700 549 872 599 publice
901 549 1124 600 Cyzicenis
1148 550 1315 589 incuria
1337 549 1471 589 caeri-

195 615 438 654 moniarum
458 614 547 654 diui
568 615 771 664 Augusti,
788 614 948 654 additis
963 615 1195 655 uiolentiae
1216 615 1468 655 criminibus

197 679 429 719 aduersum
473 679 588 719 ciues
633 679 861 720 Romanos.
920 686 962 720 et
1001 681 1181 721 amisere
1220 680 1467 720 libertatem

197 760 327 795 quam
360 745 473 785 bello
504 744 772 785 Mithridatis
801 750 1063 795 meruerant,
1094 745 1362 785 circumsessi
1390 759 1469 785 nec

141 832 179 854 10
197 813 338 852 minus
365 827 441 852 sua
468 812 712 852 constantia
741 827 869 862 quam
901 812 1117 863 praesidio
1148 813 1318 852 Luculli
1347 812 1470 863 pulso

198 892 312 927 rege.
370 882 415 916 at
449 877 655 917 Fonteius
690 876 856 927 Capito,
891 877 965 927 qui
999 892 1076 927 pro
1111 877 1285 917 consule
1321 877 1469 917 Asiam

199 947 442 992 curauerat,
463 942 717 991 absoluitur,
739 952 944 992 conperto
971 943 1073 982 ficta
1099 942 1143 981 in
1169 957 1266 982 eum
1291 941 1471 982 crimina

199 1024 274 1059 per
294 1008 473 1049 Vibium
491 1008 714 1049 Serenum.
773 1022 912 1058 neque
929 1012 1073 1048 tamen
1090 1008 1135 1048 id
1153 1008 1314 1049 Sereno
1330 1021 1471 1047 noxae

199 1075 296 1125 fuit,
317 1089 445 1125 quem
466 1074 612 1115 odium
633 1074 855 1124 publicum
876 1074 1080 1114 tutiorem
1099 1074 1303 1114 faciebat.
1358 1087 1472 1122 nam,

144 1155 180 1188 15
201 1145 247 1180 ut
269 1141 363 1190 quis
385 1140 631 1180 destrictior
646 1142 884 1189 accusator,
902 1139 1021 1180 uelut
1039 1144 1339 1180 sacrosanctus
1355 1143 1449 1179 erat
1466 1155 1473 1178 :

200 1206 329 1255 leues,
348 1205 562 1255 ignobiles
582 1205 730 1256 poenis
751 1205 1082 1245 adficiebantur.

283 1273 355 1314 37.
414 1270 497 1310 Per
517 1270 631 1310 idem
652 1274 823 1320 tempus
839 1269 1052 1320 Hispania
1069 1269 1249 1309 ulterior
1263 1268 1401 1309 missis
1417 1268 1474 1308 ad

202 1342 399 1377 senatum
425 1336 583 1387 legatis
610 1336 751 1376 orauit
778 1340 827 1375 ut
853 1335 1051 1385 exemplo
1082 1335 1213 1374 Asiae
1243 1334 1473 1374 delubrum

202 1402 373 1443 Tiberio
417 1403 632 1452 matrique
679 1402 769 1441 eius
814 1406 1069 1441 exstrueret.
1127 1416 1212 1451 qua
1251 1400 1474 1441 occasione

203 1467 374 1518 Caesar,
422 1468 593 1508 ualidus
640 1468 801 1517 alioqui
848 1467 1102 1517 spernendis
1148 1467 1385 1507 honoribus
1432 1470 1475 1506 et

165 1556 182 1590 5
202 1533 549 1584 respondendum
576 1538 696 1573 ratus
721 1533 784 1583 iis,
806 1548 988 1583 quorum
1014 1547 1186 1573 rumore
1207 1531 1476 1583 arguebatur

202 1598 246 1637 in
295 1598 576 1639 ambitionem
621 1598 802 1648 flexisse,
848 1598 1026 1637 huiusce
1074 1597 1190 1637 modi
1237 1597 1475 1637 orationem

205 1663 366 1713 coepit:
408 1661 543 1713 ‘Scio,
572 1668 717 1713 patres
744 1662 990 1713 conscripti,
1019 1661 1309 1702 constantiam
1334 1675 1476 1701 meam

205 1743 229 1768 a
246 1729 461 1778 plerisque
478 1728 781 1778 desideratam,
796 1727 912 1778 quod
929 1727 1058 1767 Asiae
1075 1726 1326 1766 ciuitatibus
1339 1740 1478 1777 nuper

204 1794 319 1834 idem
345 1793 462 1833 istud
489 1793 738 1844 petentibus
764 1807 851 1832 non
878 1793 957 1832 sim
981 1792 1250 1832 aduersatus.
1307 1805 1411 1841 ergo
1433 1796 1478 1831 et

149 1881 187 1904 10
205 1859 358 1911 prioris
403 1860 563 1900 silentii
608 1859 915 1909 defensionem,
955 1864 998 1899 et
1043 1857 1148 1908 quid
1190 1858 1235 1897 in
1279 1857 1477 1897 futurum

206 1925 444 1975 statuerim,
466 1925 591 1964 simul
619 1924 821 1974 aperiam.
880 1938 978 1964 cum
1002 1923 1129 1963 diuus
1149 1924 1375 1972 Augustus
1396 1922 1480 1962 sibi

207 1996 337 2041 atque
376 1990 474 2030 urbi
505 1990 667 2030 Romae
697 1990 906 2040 templum
940 1989 1056 2039 apud
1091 1989 1352 2039 Pergamum
1387 1989 1481 2029 sisti

207 2071 290 2096 non
320 2056 623 2107 prohibuisset,
645 2056 717 2106 qui
746 2055 889 2095 onmia
909 2055 1029 2095 facta
1049 2054 1251 2104 dictaque
1273 2054 1363 2094 eius
1383 2054 1478 2094 uice

207 2122 316 2171 legis
345 2121 583 2171 obseruem,
611 2121 818 2171 placitum
848 2120 935 2159 iam
965 2119 1209 2169 exemplum
1239 2119 1479 2169 promptius

152 2204 188 2236 15
208 2193 380 2227 secutus
425 2202 531 2237 sum,
570 2187 672 2236 quia
717 2186 851 2225 cultui
898 2199 992 2225 meo
1036 2184 1259 2225 ueneratio
1304 2189 1479 2225 senatus
