1618 2444
275 140 327 178 36
649 137 931 178 CORNELII
972 138 1170 179 TACITJ

274 247 399 283 extra
429 243 694 293 palarentur,
722 246 845 282 tanto
874 242 1083 283 infensius
1112 244 1236 294 caesi,
1258 250 1420 295 quanto
1450 259 1543 295 per-

273 307 406 357 fugae
434 312 476 347 et
503 306 744 358 proditores
769 306 883 347 ferre
911 322 1032 347 arma
1059 308 1116 348 ad
1142 323 1264 348 suum
1290 309 1543 360 patriaeque

274 374 498 414 seruitium
518 373 844 413 incusabantur.

354 439 429 483 49.
488 440 667 480 Postera
700 439 769 479 die
802 439 990 479 Sabinus
1019 440 1254 480 exercitum
1285 456 1422 492 aequo
1450 442 1543 483 1000

273 505 475 554 ostendit,
497 505 531 544 si
556 504 735 544 barbari
762 519 959 544 successu
987 505 1125 545 noctis
1149 506 1313 546 alacres
1333 507 1543 557 proelium

272 570 495 611 auderent.
539 574 581 610 et
594 574 821 620 postquam
835 570 1012 610 castello
1026 575 1101 610 aut
1115 571 1354 611 coniunctis
1367 572 1544 612 tumulis

271 652 358 676 non
392 635 772 686 degrediebantur,
803 635 1017 675 obsidium
1051 636 1191 686 coepit
1224 651 1300 686 per
1328 636 1543 687 praesidia

234 715 250 748 5
271 717 382 753 quae
403 706 643 752 opportune
662 701 749 741 iam
768 701 1014 750 muniebat;
1046 701 1146 741 dein
1166 702 1326 742 fossam
1346 702 1541 743 loricam-

271 782 354 818 que
383 772 619 807 contexens
647 770 853 816 quattuor
883 767 1001 806 milia
1029 781 1232 817 passuum
1259 767 1427 807 ambitu
1453 783 1541 808 am-

271 833 424 883 plexus
457 836 544 880 est3
588 837 681 871 tum
715 831 938 882 paulatim,
972 836 1021 870 ut
1056 846 1213 881 aquam
1247 832 1541 882 pabulumque

271 898 469 948 eriperet,
486 897 743 937 contrahere
764 897 954 937 claustra
975 902 1156 947 artaque
1177 897 1468 948 circumdare;
1499 902 1542 938 et

271 964 521 1005 struebatur
534 978 682 1014 agger,
698 962 811 1003 unde
828 977 934 1002 saxa
951 963 1103 1003 hastae
1115 963 1238 1013 ignes
1252 964 1540 1014 propinquum

214 1046 252 1068 10
270 1031 356 1070 iam
394 1029 439 1069 in
471 1029 640 1069 hostem
673 1028 930 1068 iacerentur.
989 1028 1064 1068 sed
1098 1029 1206 1068 nihil
1240 1044 1376 1079 aeque
1411 1044 1541 1079 quam

270 1096 362 1136 sitis
405 1095 638 1146 fatigabat,
678 1109 775 1134 cum
816 1094 972 1144 ingens
1009 1094 1241 1135 multitudo
1281 1095 1541 1135 bellatorum

269 1161 495 1202 inbellium
528 1174 614 1200 uno
647 1160 812 1210 reliquo
842 1159 962 1199 fonte
993 1164 1241 1209 uterentur;
1287 1160 1411 1199 simul
1441 1161 1541 1211 equi

269 1231 478 1276 armenta,
518 1230 566 1265 ut
604 1240 695 1265 mos
732 1225 946 1274 barbariS,
984 1225 1107 1264 iuxta
1147 1225 1306 1274 clausa,
1346 1230 1539 1275 egestate

270 1293 418 1344 pabuli
444 1291 705 1339 exanimari3
741 1290 939 1330 adiacere
966 1305 1146 1340 corpora
1172 1290 1407 1341 hominum,
1434 1306 1540 1341 quos

212 1369 248 1402 15
270 1359 464 1408 uulnera,
493 1371 600 1407 quos
630 1356 722 1396 sitis
751 1360 1015 1406 peremerat5
1059 1355 1193 1406 pollui
1223 1361 1379 1396 cuncta
1409 1357 1539 1407 sanie,

269 1425 412 1475 odore,
442 1427 658 1464 contactu.

350 1489 424 1533 50.
482 1487 713 1537 Rebusque
751 1486 938 1526 turbatis
976 1487 1137 1526 malum
1176 1492 1417 1527 extremum
1455 1488 1539 1528 dis-

269 1554 416 1595 cordia
461 1551 652 1602 accessit,
698 1551 764 1590 his
810 1550 1086 1601 deditionem,
1130 1551 1224 1591 aliis
1268 1557 1450 1592 mortem
1495 1558 1539 1594 et

268 1625 440 1660 mutuos
465 1619 578 1658 inter
605 1631 649 1657 se
675 1616 787 1656 ictus
814 1616 1093 1666 parantibus,
1130 1621 1172 1655 et
1200 1622 1325 1656 erant
1351 1617 1425 1667 qui
1451 1633 1537 1658 non

267 1687 455 1727 inultum
481 1684 674 1733 exitium,
697 1682 771 1722 sed
798 1681 1068 1731 eruptionem
1096 1681 1340 1722 suaderent.
1400 1698 1537 1733 neque

230 1766 247 1799 5
267 1751 480 1802 ignobiles
525 1753 696 1789 tantum
740 1746 806 1786 his
851 1745 1010 1786 diuersi
1050 1746 1285 1796 sententiis,
1325 1762 1475 1788 uerum
1514 1764 1536 1790 e

269 1817 452 1857 ducibus
482 1813 618 1863 Dinis,
645 1816 876 1862 prouectus
906 1815 1079 1851 senecta
1109 1816 1152 1850 et
1181 1811 1310 1862 longo
1339 1827 1418 1852 usu
1448 1814 1536 1854 uim

268 1887 399 1932 atque
419 1877 693 1921 clementiam
715 1876 955 1916 Romanam
976 1875 1165 1925 edoctus,
1182 1877 1382 1926 ponenda
1402 1893 1536 1930 arma,

268 1962 403 1988 unum
436 1943 621 1986 adflictis
653 1941 698 1981 id
732 1940 968 1981 remedium
1003 1940 1253 1991 disserebat,
1288 1942 1536 1994 primusque

269 2028 313 2053 se
347 2026 444 2052 cum
478 2009 660 2059 conjuge
695 2012 738 2047 et
771 2005 918 2046 liberis
952 2005 1107 2045 uictori
1141 2006 1344 2055 permisit.
1402 2009 1536 2050 secuti

213 2095 250 2118 10
268 2082 411 2119 aetate
437 2079 513 2115 aut
540 2088 643 2114 sexu
664 2071 855 2112 inbecilli
875 2075 917 2110 et
938 2070 1095 2120 quibus
1114 2070 1251 2110 maior
1270 2071 1385 2112 uitae
1406 2088 1536 2123 quam

269 2142 432 2194 gloriae
453 2139 620 2189 cupido.
679 2142 724 2178 at
743 2137 946 2176 iuuentus
961 2135 1139 2175 Tarsam
1156 2135 1270 2175 inter
1285 2141 1328 2176 et
1344 2137 1536 2180 Turesim

269 2206 605 2249 distrahebatur.
663 2203 836 2252 utrique
879 2201 1142 2242 destinatum
1190 2216 1287 2241 cum
1334 2203 1535 2247 libertate
