1618 2444
244 80 324 119 AB
363 79 629 120 EXCESSV
667 79 933 120 AVGVSTI
972 79 1050 120 IV.
1090 78 1246 119 68—71
1333 77 1381 118 51

118 185 479 235 regrediebantur
506 185 872 235 ostentabantque
899 199 942 225 se
969 199 1153 235 rursum,
1175 184 1219 223 id
1244 184 1384 234 ipsum
1408 205 1447 228 10

119 255 338 300 pauentes,
356 250 471 300 quod
487 250 743 290 timuissent.
795 265 922 301 quem
939 250 1053 290 enim
1069 250 1183 290 diem
1198 264 1384 290 uacuum

119 330 268 366 poena,
296 316 371 356 ubi
399 316 513 356 inter
542 331 665 356 sacra
694 321 737 356 et
766 322 881 365 uota,
909 331 993 366 (1110
1022 321 1213 366 tempore
1242 315 1386 355 uerbis

118 379 248 420 etiam
276 379 468 429 profanis
495 379 704 419 abstineri
724 394 814 419 mos
835 388 958 429 esset,
979 380 1124 419 uincla
1145 384 1187 420 et
1206 379 1386 430 laqueus

117 445 414 485 inducantur?
469 461 556 486 non
600 445 906 496 inprudentem
951 446 1171 486 Tiberium
1216 449 1384 485 tantam

117 510 329 551 inuidiam
368 510 520 560 adisse,
556 510 630 551 sed
668 511 911 561 quaesitum
950 511 1292 561 meditatulnque
1330 524 1384 550 ne
1409 525 1445 559 15

119 574 224 625 quid
247 574 455 625 impedire
480 575 683 614 credatur
703 589 787 625 quo
807 575 949 615 minus
969 575 1071 615 noui
1091 575 1384 625 magistratus,

118 654 202 690 quo
222 640 348 680 modo
370 639 552 680 delubra
573 644 616 680 et
636 639 804 689 altaria,
826 640 885 679 sic
907 654 1124 680 carcerem
1144 639 1384 680 recludant.

118 709 291 745 secutae
311 704 486 755 insuper
505 705 676 744 litterae
693 709 839 755 grates
854 704 1024 755 agentis
1039 705 1154 755 quod
1170 705 1385 745 hominem

116 770 335 811 infensum
363 770 425 811 rei
452 770 651 820 publicae
676 770 958 820 puniuissent,
980 769 1150 810 adiecto
1171 770 1385 820 trepidam

118 836 199 875 sibi
245 836 394 886 uitam,
440 840 662 886 suspectas
709 835 981 875 inimicorum
1028 836 1219 886 insidias,
1265 835 1384 875 nullo
1404 850 1447 873 20

117 901 373 940 nominatim
407 901 687 951 compellato,
736 916 875 951 neque
913 906 1060 942 tamen
1099 901 1386 941 dubitabatur

116 967 161 1006 in
192 967 409 1007 Neronem
439 972 482 1006 et
511 966 801 1017 Agrippinam
830 966 1009 1007 intendi.

201 1033 273 1076 71.
331 1031 387 1072 Ν1
427 1031 532 1070 1111111
571 1031 837 1071 destinatum
873 1031 988 1072 foret
1026 1047 1150 1071 suum
1188 1047 1385 1082 quaeque

117 1097 162 1136 111
197 1112 358 1136 annum
389 1096 563 1146 referre,
594 1097 754 1136 auebat
784 1097 953 1137 animus
982 1098 1122 1137 antire
1152 1098 1385 1148 statimque

118 1176 355 1202 memorare
371 1162 513 1201 exitus
529 1177 634 1211 quos
651 1162 833 1202 Latinus
849 1168 979 1213 atque
997 1163 1151 1213 Opsius
1168 1163 1385 1213 ceterique

119 1227 272 1277 flagitii
298 1227 388 1267 eius
414 1231 657 1276 repertores
677 1227 881 1278 habuere,
903 1242 989 1267 11011
1010 1228 1136 1268 modo
1157 1232 1385 1278 postquam

119 1292 252 1332 Gaius
273 1291 432 1332 Caesar
452 1306 595 1331 rerum
616 1291 778 1342 potitus
798 1297 874 1342 est,
891 1293 966 1333 sed
982 1293 1185 1333 incolumi
1201 1293 1384 1344 Tiberio,
1406 1312 1423 1346 5

119 1358 193 1408 qui
219 1357 427 1397 scelerum
454 1357 673 1397 ministros
700 1362 748 1397 ut
774 1358 963 1408 perverti
991 1358 1046 1398 ab
1074 1358 1169 1398 aliis
1195 1358 1384 1409 nolebat,

118 1423 180 1462 ita
206 1422 458 1472 plerumque
486 1423 668 1462 satiatus
695 1427 739 1463 et
765 1423 923 1463 oblatis
943 1423 987 1462 111
1008 1422 1187 1463 eandem
1211 1437 1385 1473 operam

118 1487 365 1528 recentibus
384 1491 552 1527 ueteres
572 1493 615 1528 et
636 1503 898 1539 praegraues
918 1489 1109 1538 adflixit5
1141 1503 1292 1529 uerum
1307 1489 1386 1530 has

119 1557 249 1602 atque
287 1552 394 1592 alias
428 1553 615 1592 sontium
650 1568 808 1603 poenas
842 1554 886 1594 in
920 1559 1112 1605 tempore
1151 1554 1384 1595 trademus.

118 1622 212 1657 tum
238 1617 407 1657 censuit
435 1618 610 1658 Asinius
636 1618 800 1669 Gallus,
822 1620 942 1659 cuius
969 1619 1202 1659 liberorum
1226 1620 1385 1670 Agrip·
1408 1637 1447 1660 10

119 1681 221 1731 pina
247 1685 483 1721 matertera
510 1687 615 1732 erat,
639 1683 872 1733 petendum
900 1699 925 1724 a
951 1684 1156 1735 principe,
1178 1688 1225 1724 ut
1246 1689 1385 1724 metus

121 1761 218 1787 31103
244 1748 414 1787 senatui
442 1748 656 1789 fateretur
685 1750 962 1800 amouerique
992 1750 1163 1791 sineret.
1220 1750 1385 1790 nullam

120 1826 256 1862 aeque
283 1812 491 1862 Tiberius,
514 1817 561 1852 ut
588 1813 778 1864 rebatur,
800 1829 853 1854 ex
881 1815 1116 1855 uirtutibus
1143 1815 1229 1855 suis
1255 1830 1384 1865 quam

121 1876 504 1916 dissimulationem
521 1877 754 1928 diligebat3
785 1893 834 1918 00
850 1879 1022 1929 aegrius
1038 1881 1205 1931 accepit
1220 1880 1384 1920 recludi

119 1956 229 1991 quae
263 1947 488 1992 premeret.
557 1943 631 1983 sed
665 1944 885 1994 mitigauit
921 1945 1115 1996 Seianus,
1150 1961 1236 1986 non
1270 1945 1384 1986 Galli
1407 1962 1444 1996 15

119 2020 276 2055 amore,
298 2020 448 2045 uerum
474 2011 523 2046 ut
550 2009 848 2049 cunctationes
875 2010 1081 2060 principis
1101 2011 1383 2061 opperiretur,

120 2085 282 2120 gnarus
297 2071 461 2111 lentum
475 2072 519 2111 in
532 2073 795 2123 meditando,
809 2075 884 2114 ubi
898 2076 1174 2127 prorupisset,
1188 2076 1385 2117 tristibus

120 2136 248 2176 dictis
267 2136 430 2176 atrocia
449 2136 569 2178 facta
590 2139 863 2189 coniungere.

1199 2218 1289 2249 4-2
