1618 2444
328 116 408 156 AB
446 114 714 157 EXCESSV
753 116 1018 158 AVGVSTI
1058 116 1135 157 IV.
1171 115 1276 156 5--7
1405 117 1430 155 5

164 219 359 270 honoreS,
380 220 651 260 nobilitatem
672 221 893 271 maiorum,
915 221 1218 262 claritudinem
1238 221 1429 271 militiae,

164 284 368 325 inlustres
384 285 499 325 domi
519 290 634 325 artes
651 286 897 336 spectando,
914 291 961 326 ut
982 287 1086 326 satis
1106 291 1324 327 constaret
1344 301 1430 326 non

165 351 270 391 alios
290 351 477 402 potiores
496 351 640 392 fuisse.
698 366 774 392 sua
783 353 1048 401 consulibus,
1066 368 1142 393 sua
1158 353 1430 404 praetoribus
1454 363 1492 385 10

163 416 346 467 species3
395 416 609 457 minorum
647 432 816 467 quoque
860 418 1196 467 magistratuum
1240 418 1431 458 exercita

164 487 375 532 potestas3
406 482 619 533 legesque,
635 483 669 522 si
690 483 927 523 maiestatis
943 484 1138 533 quaestio
1154 483 1429 534 eximeretur,

164 549 277 589 bono
310 549 355 588 in
386 564 477 589 usu.
535 554 581 589 at
611 549 830 589 frumenta
866 553 908 589 et
942 549 1150 599 pecuniae
1180 549 1429 599 uectigales,

165 618 308 654 cetera
350 615 621 665 publicorum
659 614 881 654 fructuum
920 615 1199 655 societatibus
1236 615 1429 665 equitum

165 677 457 719 Romanorum
487 679 782 729 agitabantur.
840 693 906 719 res
942 694 1040 719 suas
1073 678 1232 720 Caesar
1266 684 1430 730 specta·
1454 688 1491 723 15

164 743 327 783 tissime
345 744 511 794 cuique,
525 744 783 794 quibusdam
801 744 960 794 ignotis
975 759 1026 784 ex
1044 744 1163 784 fama
1178 745 1430 795 mandabat,

165 808 380 859 semelque
415 809 630 859 adsumpti
667 809 930 849 tenebantur
963 824 1136 859 prorsus
1166 809 1256 850 sine
1290 810 1430 861 modo,

164 889 261 914 cum
290 875 482 925 plerique
516 876 652 916 isdem
682 876 867 925 negotiis
896 876 1226 916 insenescerent.
1284 876 1431 926 plebes

163 941 252 980 acri
265 941 437 991 quidem
455 956 627 981 annona
642 941 927 991 fatigabatur,
949 941 1023 980 sed
1044 941 1164 980 nulla
1180 940 1225 980 in
1239 956 1288 982 eo
1304 941 1431 992 culpa

163 1020 216 1046 ex
237 1006 441 1057 principe.
487 1007 591 1057 quin
611 1006 915 1047 infecunditati
939 1011 1153 1047 terrarum
1174 1012 1251 1048 aut
1270 1007 1431 1058 asperis
1453 1022 1493 1044 20

163 1073 293 1113 maris
327 1073 500 1113 obuiam
530 1073 591 1123 iit,
626 1078 837 1123 quantum
871 1073 1088 1124 impendio
1118 1074 1431 1126 diligentiaque

163 1139 344 1186 poterat.
403 1140 446 1176 et
457 1150 510 1176 ne
527 1136 775 1186 prouinciae
792 1136 914 1176 nouis
931 1136 1132 1176 oneribus
1149 1137 1431 1177 turbarentur

162 1205 295 1251 utque
315 1206 466 1242 uetera
492 1201 581 1241 sine
603 1202 787 1241 auaritia
815 1206 892 1241 aut
920 1201 1177 1242 crudelitate
1204 1202 1431 1253 magistra-

162 1271 284 1307 tuum
339 1268 575 1308 tolerarent
621 1268 903 1318 prouidebat3
961 1282 1188 1318 corporum
1236 1269 1430 1319 uerbera,

164 1333 460 1383 ademptiones
498 1333 709 1373 bonorum
749 1333 944 1373 aberant.
1016 1333 1103 1372 rari
1143 1348 1219 1384 per
1257 1334 1431 1374 Italiam
1452 1346 1491 1378 25

164 1398 359 1440 Caesaris
380 1399 486 1449 agri,
509 1398 703 1439 modesta
729 1398 917 1448 seruitia,
938 1398 1054 1438 intra
1074 1413 1233 1449 paucos
1253 1399 1431 1440 libertos

163 1462 314 1502 domus
326 1480 336 1511 3
367 1477 416 1502 ac
438 1462 470 1501 si
491 1462 666 1512 quando
682 1477 779 1502 cum
796 1462 978 1513 priuatis
994 1462 1268 1513 disceptaret,
1288 1464 1431 1504 forum

164 1531 207 1568 et
226 1527 304 1568 ius.

246 1592 287 1637 7.
345 1592 465 1644 Quae
494 1598 651 1633 cuncta
675 1608 761 1633 non
787 1594 961 1643 quidem
990 1594 1100 1633 comi
1126 1594 1211 1644 uia,
1233 1595 1307 1634 sed
1334 1595 1430 1635 hor-

162 1659 282 1699 ridus
329 1674 378 1699 ac
417 1660 669 1709 plerumque
707 1658 976 1709 formidatus,
1016 1659 1232 1700 retinebat
1270 1664 1429 1709 tamen,

163 1724 298 1764 donec
318 1728 455 1764 morte
477 1724 606 1764 Drusi
622 1729 919 1774 uerterentur;
951 1740 1064 1776 nam,
1083 1724 1187 1766 dum
1204 1727 1430 1777 superfuit,

164 1803 371 1839 mansere,
411 1789 511 1839 quia
558 1788 739 1829 Seianus
782 1789 1015 1839 incipiente
1053 1791 1195 1832 adhuc
1236 1793 1429 1842 potentia

161 1854 286 1894 bonis
306 1854 494 1894 consiliis
514 1858 734 1894 notescere
756 1854 943 1904 uolebat,
965 1860 1008 1895 et
1025 1856 1139 1897 ultor
1154 1857 1430 1897 metuebatur
1451 1872 1468 1904 5

162 1933 247 1958 non
277 1919 471 1959 occultus
499 1918 598 1967 odii,
623 1918 698 1958 sed
725 1918 876 1958 crebro
906 1934 1088 1968 querens
1114 1920 1317 1961 incolumi
1342 1922 1429 1961 filio

163 1982 404 2023 adiutorem
437 1982 604 2032 imperii
643 1981 776 2022 alium
815 1983 972 2022 uocari.
1031 1988 1074 2023 et
1112 1988 1323 2033 quantum
1363 1999 1429 2024 su-

164 2062 330 2097 peresse
358 2052 405 2088 ut
432 2047 599 2096 collega
625 2047 827 2087 dicatur?
866 2047 1026 2097 primas
1056 2048 1306 2089 dominandi
1334 2063 1429 2100 spes

163 2112 207 2152 in
224 2112 359 2152 arduo
374 2130 382 2159 ;
412 2112 485 2152 ubi
502 2112 557 2151 sis
572 2112 802 2161 ingressus,
817 2111 964 2152 adesse
982 2113 1123 2153 studia
1140 2118 1182 2153 et
1198 2114 1427 2154 ministros.

166 2181 387 2217 exstructa
430 2177 516 2216 iam
564 2181 714 2227 sponte
759 2176 969 2227 praefecti
1011 2183 1165 2229 castra,
1214 2179 1338 2219 datos
1384 2179 1429 2219 in
1453 2195 1490 2217 10
