<?xml version="1.0" encoding="UTF-8"?>
<!DOCTYPE html PUBLIC "-//W3C//DTD XHTML 1.0 Transitional//EN"
    "http://www.w3.org/TR/xhtml1/DTD/xhtml1-transitional.dtd">
<html xmlns="http://www.w3.org/1999/xhtml" xml:lang="en" lang="en">
 <head>
  <title>
</title>
<meta http-equiv="Content-Type" content="text/html;charset=utf-8" />
  <meta name='ocr-system' content='tesseract 3.04.00' />
  <meta name='ocr-capabilities' content='ocr_page ocr_carea ocr_par ocr_line ocrx_word'/>
</head>
<body>
  <div class='ocr_page' id='page_1' title='image "annalsbookiv00taciuoft_0052.png"; bbox 0 0 1618 2444; ppageno 0'>
   <div class='ocr_carea' id='block_1_1' title="bbox 221 119 1115 160">
    <p class='ocr_par' dir='ltr' id='par_1_1' title="bbox 221 119 1115 160">
     <span class='ocr_line' id='line_1_1' title="bbox 221 119 1115 160; baseline 0.001 -2"><span class='ocrx_word' id='word_1_1' title='bbox 221 120 272 159; x_wconf 82' lang='lat'><strong>20</strong></span> <span class='ocrx_word' id='word_1_2' title='bbox 593 119 876 160; x_wconf 74' lang='lat' dir='ltr'>CORNELII</span> <span class='ocrx_word' id='word_1_3' title='bbox 916 119 1115 160; x_wconf 80' lang='lat' dir='ltr'>TACITI</span> 
     </span>
    </p>
   </div>
   <div class='ocr_carea' id='block_1_2' title="bbox 157 224 1486 2241">
    <p class='ocr_par' dir='ltr' id='par_1_2' title="bbox 219 224 1486 471">
     <span class='ocr_line' id='line_1_2' title="bbox 219 224 1486 273; baseline 0 -10"><span class='ocrx_word' id='word_1_4' title='bbox 219 224 477 273; x_wconf 86' lang='lat' dir='ltr'><strong>habebatur,</strong></span> <span class='ocrx_word' id='word_1_5' title='bbox 498 229 680 264; x_wconf 89' lang='lat' dir='ltr'><strong>mortem</strong></span> <span class='ocrx_word' id='word_1_6' title='bbox 707 224 752 263; x_wconf 89' lang='lat' dir='ltr'><strong>in</strong></span> <span class='ocrx_word' id='word_1_7' title='bbox 779 239 822 264; x_wconf 89' lang='lat' dir='ltr'><strong>se</strong></span> <span class='ocrx_word' id='word_1_8' title='bbox 843 224 1080 264; x_wconf 75' lang='lat' dir='ltr'><strong>festinauit.</strong></span> <span class='ocrx_word' id='word_1_9' title='bbox 1138 232 1183 264; x_wconf 79' lang='lat' dir='ltr'><strong>at</strong></span> <span class='ocrx_word' id='word_1_10' title='bbox 1204 229 1356 264; x_wconf 84' lang='lat' dir='ltr'><strong>contra</strong></span> <span class='ocrx_word' id='word_1_11' title='bbox 1376 237 1486 272; x_wconf 88' lang='lat' dir='ltr'><strong>reus,</strong></span> 
     </span>
     <span class='ocr_line' id='line_1_3' title="bbox 219 289 1486 340; baseline 0 -11"><span class='ocrx_word' id='word_1_12' title='bbox 219 289 324 329; x_wconf 84' lang='lat' dir='ltr'>nihil</span> <span class='ocrx_word' id='word_1_13' title='bbox 339 290 525 330; x_wconf 75' lang='lat' dir='ltr'><strong>infracto</strong></span> <span class='ocrx_word' id='word_1_14' title='bbox 540 290 694 340; x_wconf 87' lang='lat' dir='ltr'><strong>animo,</strong></span> <span class='ocrx_word' id='word_1_15' title='bbox 710 291 917 330; x_wconf 87' lang='lat' dir='ltr'><strong>obuersus</strong></span> <span class='ocrx_word' id='word_1_16' title='bbox 929 290 973 329; x_wconf 91' lang='lat' dir='ltr'><strong>in</strong></span> <span class='ocrx_word' id='word_1_17' title='bbox 986 289 1121 329; x_wconf 85' lang='lat' dir='ltr'><strong>filium</strong></span> <span class='ocrx_word' id='word_1_18' title='bbox 1137 294 1316 340; x_wconf 82' lang='lat' dir='ltr'><strong>quatere</strong></span> <span class='ocrx_word' id='word_1_19' title='bbox 1329 289 1486 339; x_wconf 85' lang='lat' dir='ltr'><strong>uincla,</strong></span> 
     </span>
     <span class='ocr_line' id='line_1_4' title="bbox 222 353 1486 403; baseline 0 -11"><span class='ocrx_word' id='word_1_20' title='bbox 222 368 375 394; x_wconf 87' lang='lat' dir='ltr'><strong>uocare</strong></span> <span class='ocrx_word' id='word_1_21' title='bbox 395 353 557 393; x_wconf 88' lang='lat' dir='ltr'><strong>ultores</strong></span> <span class='ocrx_word' id='word_1_22' title='bbox 578 353 679 393; x_wconf 90' lang='lat' dir='ltr'><strong>deos</strong></span> <span class='ocrx_word' id='word_1_23' title='bbox 696 357 743 393; x_wconf 93' lang='lat' dir='ltr'><strong>ut</strong></span> <span class='ocrx_word' id='word_1_24' title='bbox 760 353 841 393; x_wconf 90' lang='lat' dir='ltr'><strong>sibi</strong></span> <span class='ocrx_word' id='word_1_25' title='bbox 857 353 1031 403; x_wconf 86' lang='lat' dir='ltr'><strong>quidem</strong></span> <span class='ocrx_word' id='word_1_26' title='bbox 1048 353 1280 393; x_wconf 73' lang='lat' dir='ltr'><strong>redderent</strong></span> <span class='ocrx_word' id='word_1_27' title='bbox 1296 353 1486 403; x_wconf 82' lang='lat' dir='ltr'><strong>exilium,</strong></span> 
     </span>
     <span class='ocr_line' id='line_1_5' title="bbox 219 419 1485 471; baseline 0.001 -12"><span class='ocrx_word' id='word_1_28' title='bbox 219 420 293 460; x_wconf 89' lang='lat' dir='ltr'><strong>ubi</strong></span> <span class='ocrx_word' id='word_1_29' title='bbox 313 420 463 471; x_wconf 85' lang='lat' dir='ltr'><strong>procul</strong></span> <span class='ocrx_word' id='word_1_30' title='bbox 484 419 558 459; x_wconf 83' lang='lat' dir='ltr'><strong>tali</strong></span> <span class='ocrx_word' id='word_1_31' title='bbox 582 434 698 459; x_wconf 85' lang='lat' dir='ltr'><strong>more</strong></span> <span class='ocrx_word' id='word_1_32' title='bbox 719 424 882 469; x_wconf 85' lang='lat' dir='ltr'><strong>ageret,</strong></span> <span class='ocrx_word' id='word_1_33' title='bbox 904 419 1039 459; x_wconf 87' lang='lat' dir='ltr'><strong>filium</strong></span> <span class='ocrx_word' id='word_1_34' title='bbox 1060 423 1205 460; x_wconf 91' lang='lat' dir='ltr'><strong>autem</strong></span> <span class='ocrx_word' id='word_1_35' title='bbox 1226 419 1485 469; x_wconf 78' lang='lat' dir='ltr'><strong>quandoque</strong></span> 
     </span>
    </p>

    <p class='ocr_par' dir='ltr' id='par_1_3' title="bbox 161 485 1485 732">
     <span class='ocr_line' id='line_1_6' title="bbox 161 485 1485 537; baseline -0.003 -8"><span class='ocrx_word' id='word_1_36' title='bbox 161 497 197 529; x_wconf 91' lang='lat'><strong>15</strong></span> <span class='ocrx_word' id='word_1_37' title='bbox 219 486 428 537; x_wconf 85' lang='lat' dir='ltr'><strong>supplicia</strong></span> <span class='ocrx_word' id='word_1_38' title='bbox 458 490 752 536; x_wconf 76' lang='lat' dir='ltr'><strong>sequerentur.</strong></span> <span class='ocrx_word' id='word_1_39' title='bbox 811 485 1185 535; x_wconf 85' lang='lat' dir='ltr'><strong>adseuerabatque</strong></span> <span class='ocrx_word' id='word_1_40' title='bbox 1211 486 1485 525; x_wconf 74' lang='lat' dir='ltr'><strong>innocentem</strong></span> 
     </span>
     <span class='ocr_line' id='line_1_7' title="bbox 233 549 1485 600; baseline -0.001 -10"><span class='ocrx_word' id='word_1_41' title='bbox 233 550 458 591; x_wconf 67' lang='lat' dir='ltr'><strong>Jornutum</strong></span> <span class='ocrx_word' id='word_1_42' title='bbox 474 554 517 590; x_wconf 87' lang='lat' dir='ltr'><strong>et</strong></span> <span class='ocrx_word' id='word_1_43' title='bbox 531 550 643 590; x_wconf 79' lang='lat' dir='ltr'><strong>falsa</strong></span> <span class='ocrx_word' id='word_1_44' title='bbox 660 551 914 590; x_wconf 79' lang='lat' dir='ltr'><strong>exterritum</strong></span> <span class='ocrx_word' id='word_1_45' title='bbox 929 568 937 599; x_wconf 83' lang='lat'>3</span> <span class='ocrx_word' id='word_1_46' title='bbox 960 549 1088 599; x_wconf 80' lang='lat' dir='ltr'><strong>idque</strong></span> <span class='ocrx_word' id='word_1_47' title='bbox 1104 550 1232 590; x_wconf 76' lang='lat' dir='ltr'><strong>facile</strong></span> <span class='ocrx_word' id='word_1_48' title='bbox 1247 549 1485 600; x_wconf 83' lang='lat' dir='ltr'><strong>intellectu,</strong></span> 
     </span>
     <span class='ocr_line' id='line_1_8' title="bbox 217 615 1484 666; baseline 0 -11"><span class='ocrx_word' id='word_1_49' title='bbox 217 616 250 655; x_wconf 87' lang='lat' dir='ltr'><strong>si</strong></span> <span class='ocrx_word' id='word_1_50' title='bbox 278 615 564 666; x_wconf 70' lang='lat' dir='ltr'><strong>proderentur</strong></span> <span class='ocrx_word' id='word_1_51' title='bbox 585 615 657 655; x_wconf 86' lang='lat' dir='ltr'><strong>alii</strong></span> <span class='ocrx_word' id='word_1_52' title='bbox 670 633 680 664; x_wconf 78' lang='lat'><em>3</em></span> <span class='ocrx_word' id='word_1_53' title='bbox 710 631 797 655; x_wconf 89' lang='lat' dir='ltr'><strong>non</strong></span> <span class='ocrx_word' id='word_1_54' title='bbox 818 615 930 655; x_wconf 87' lang='lat' dir='ltr'><strong>enim</strong></span> <span class='ocrx_word' id='word_1_55' title='bbox 953 630 996 655; x_wconf 80' lang='lat' dir='ltr'><strong>se</strong></span> <span class='ocrx_word' id='word_1_56' title='bbox 1018 615 1194 655; x_wconf 87' lang='lat' dir='ltr'><strong>caedem</strong></span> <span class='ocrx_word' id='word_1_57' title='bbox 1216 615 1422 665; x_wconf 84' lang='lat' dir='ltr'><strong>principis</strong></span> <span class='ocrx_word' id='word_1_58' title='bbox 1442 620 1484 655; x_wconf 84' lang='lat' dir='ltr'><strong>et</strong></span> 
     </span>
     <span class='ocr_line' id='line_1_9' title="bbox 217 682 924 732; baseline 0 -11"><span class='ocrx_word' id='word_1_59' title='bbox 217 698 284 721; x_wconf 77' lang='lat' dir='ltr'><strong>res</strong></span> <span class='ocrx_word' id='word_1_60' title='bbox 304 697 438 721; x_wconf 88' lang='lat' dir='ltr'><strong>nouas</strong></span> <span class='ocrx_word' id='word_1_61' title='bbox 459 697 544 721; x_wconf 90' lang='lat' dir='ltr'><strong>uno</strong></span> <span class='ocrx_word' id='word_1_62' title='bbox 566 682 678 721; x_wconf 87' lang='lat' dir='ltr'><strong>socio</strong></span> <span class='ocrx_word' id='word_1_63' title='bbox 699 682 924 732; x_wconf 84' lang='lat' dir='ltr'><strong>cogitasse.</strong></span> 
     </span>
    </p>

    <p class='ocr_par' dir='ltr' id='par_1_4' title="bbox 216 746 1483 993">
     <span class='ocr_line' id='line_1_10' title="bbox 299 746 1481 790; baseline -0.003 -1"><span class='ocrx_word' id='word_1_64' title='bbox 299 748 372 790; x_wconf 83' lang='grc'><strong>29.</strong></span> <span class='ocrx_word' id='word_1_65' title='bbox 430 748 535 788; x_wconf 84' lang='lat' dir='ltr'><strong>Tum</strong></span> <span class='ocrx_word' id='word_1_66' title='bbox 583 752 810 788; x_wconf 83' lang='lat' dir='ltr'><strong>accusator</strong></span> <span class='ocrx_word' id='word_1_67' title='bbox 855 746 930 788; x_wconf 80' lang='lat' dir='ltr'><strong>Cn.</strong></span> <span class='ocrx_word' id='word_1_68' title='bbox 972 747 1203 787; x_wconf 75' lang='lat' dir='ltr'><strong>Lentulum</strong></span> <span class='ocrx_word' id='word_1_69' title='bbox 1250 751 1291 787; x_wconf 87' lang='lat' dir='ltr'><strong>et</strong></span> <span class='ocrx_word' id='word_1_70' title='bbox 1339 747 1481 787; x_wconf 63' lang='lat' dir='ltr'><strong>Seium</strong></span> 
     </span>
     <span class='ocr_line' id='line_1_11' title="bbox 217 812 1483 863; baseline -0.002 -10"><span class='ocrx_word' id='word_1_71' title='bbox 217 814 485 854; x_wconf 79' lang='lat' dir='ltr'><strong>Tuberonem</strong></span> <span class='ocrx_word' id='word_1_72' title='bbox 520 812 728 863; x_wconf 84' lang='lat' dir='ltr'><strong>nominat,</strong></span> <span class='ocrx_word' id='word_1_73' title='bbox 759 826 918 863; x_wconf 84' lang='lat' dir='ltr'><strong>magno</strong></span> <span class='ocrx_word' id='word_1_74' title='bbox 952 812 1116 863; x_wconf 83' lang='lat' dir='ltr'><strong>pudore</strong></span> <span class='ocrx_word' id='word_1_75' title='bbox 1147 812 1355 861; x_wconf 77' lang='lat' dir='ltr'><strong>Caesaris,</strong></span> <span class='ocrx_word' id='word_1_76' title='bbox 1386 826 1483 851; x_wconf 91' lang='lat' dir='ltr'><strong>cum</strong></span> 
     </span>
     <span class='ocr_line' id='line_1_12' title="bbox 216 877 1483 929; baseline -0.001 -12"><span class='ocrx_word' id='word_1_77' title='bbox 216 878 423 929; x_wconf 86' lang='lat' dir='ltr'><strong>primores</strong></span> <span class='ocrx_word' id='word_1_78' title='bbox 471 877 672 927; x_wconf 88' lang='lat' dir='ltr'><strong>ciuitatis,</strong></span> <span class='ocrx_word' id='word_1_79' title='bbox 720 877 861 917; x_wconf 88' lang='lat' dir='ltr'><strong>intimi</strong></span> <span class='ocrx_word' id='word_1_80' title='bbox 908 877 1040 928; x_wconf 89' lang='lat' dir='ltr'><strong>ipsius</strong></span> <span class='ocrx_word' id='word_1_81' title='bbox 1087 877 1227 926; x_wconf 88' lang='lat' dir='ltr'><strong>amici,</strong></span> <span class='ocrx_word' id='word_1_82' title='bbox 1274 877 1483 917; x_wconf 86' lang='lat' dir='ltr'><strong>Lentulus</strong></span> 
     </span>
     <span class='ocr_line' id='line_1_13' title="bbox 216 942 1483 993; baseline -0.002 -9"><span class='ocrx_word' id='word_1_83' title='bbox 216 944 449 984; x_wconf 82' lang='lat' dir='ltr'><strong>senectutis</strong></span> <span class='ocrx_word' id='word_1_84' title='bbox 475 948 709 993; x_wconf 74' lang='lat' dir='ltr'><strong>extremae,</strong></span> <span class='ocrx_word' id='word_1_85' title='bbox 731 943 900 983; x_wconf 85' lang='lat' dir='ltr'><strong>Tubero</strong></span> <span class='ocrx_word' id='word_1_86' title='bbox 922 942 1093 983; x_wconf 76' lang='lat' dir='ltr'><strong>defecto</strong></span> <span class='ocrx_word' id='word_1_87' title='bbox 1114 957 1304 993; x_wconf 82' lang='lat' dir='ltr'><strong>corpore,</strong></span> <span class='ocrx_word' id='word_1_88' title='bbox 1326 943 1483 983; x_wconf 89' lang='lat' dir='ltr'><strong>tumul-</strong></span> 
     </span>
    </p>

    <p class='ocr_par' dir='ltr' id='par_1_5' title="bbox 177 1008 1482 1324">
     <span class='ocr_line' id='line_1_14' title="bbox 177 1008 1481 1058; baseline -0.002 -8"><span class='ocrx_word' id='word_1_89' title='bbox 177 1018 193 1051; x_wconf 87' lang='grc'><strong><em>5</em></strong></span> <span class='ocrx_word' id='word_1_90' title='bbox 215 1014 284 1050; x_wconf 88' lang='lat' dir='ltr'><strong>tus</strong></span> <span class='ocrx_word' id='word_1_91' title='bbox 310 1009 478 1049; x_wconf 88' lang='lat' dir='ltr'><strong>hostilis</strong></span> <span class='ocrx_word' id='word_1_92' title='bbox 505 1014 548 1049; x_wconf 88' lang='lat' dir='ltr'><strong>et</strong></span> <span class='ocrx_word' id='word_1_93' title='bbox 575 1008 820 1049; x_wconf 87' lang='lat' dir='ltr'><strong>turbandae</strong></span> <span class='ocrx_word' id='word_1_94' title='bbox 842 1008 901 1048; x_wconf 88' lang='lat' dir='ltr'><strong>rei</strong></span> <span class='ocrx_word' id='word_1_95' title='bbox 923 1008 1123 1058; x_wconf 85' lang='lat' dir='ltr'><strong>publicae</strong></span> <span class='ocrx_word' id='word_1_96' title='bbox 1144 1012 1481 1048; x_wconf 82' lang='lat' dir='ltr'><strong>accerserentur.</strong></span> 
     </span>
     <span class='ocr_line' id='line_1_15' title="bbox 215 1074 1482 1127; baseline -0.002 -11"><span class='ocrx_word' id='word_1_97' title='bbox 215 1077 288 1117; x_wconf 87' lang='lat' dir='ltr'><strong>sed</strong></span> <span class='ocrx_word' id='word_1_98' title='bbox 316 1076 359 1116; x_wconf 85' lang='lat' dir='ltr'><strong>hi</strong></span> <span class='ocrx_word' id='word_1_99' title='bbox 388 1075 561 1127; x_wconf 86' lang='lat' dir='ltr'><strong>quidem</strong></span> <span class='ocrx_word' id='word_1_100' title='bbox 590 1076 736 1116; x_wconf 87' lang='lat' dir='ltr'><strong>statim</strong></span> <span class='ocrx_word' id='word_1_101' title='bbox 765 1075 976 1125; x_wconf 86' lang='lat' dir='ltr'><strong>exempti:</strong></span> <span class='ocrx_word' id='word_1_102' title='bbox 1007 1075 1050 1114; x_wconf 89' lang='lat' dir='ltr'><strong>in</strong></span> <span class='ocrx_word' id='word_1_103' title='bbox 1080 1079 1247 1125; x_wconf 85' lang='lat' dir='ltr'><strong>patrem</strong></span> <span class='ocrx_word' id='word_1_104' title='bbox 1274 1090 1328 1114; x_wconf 88' lang='lat' dir='ltr'><strong>ex</strong></span> <span class='ocrx_word' id='word_1_105' title='bbox 1348 1074 1482 1127; x_wconf 79' lang='lat' dir='ltr'><strong>seruis</strong></span> 
     </span>
     <span class='ocr_line' id='line_1_16' title="bbox 214 1139 1482 1193; baseline -0.003 -10"><span class='ocrx_word' id='word_1_106' title='bbox 214 1143 469 1193; x_wconf 82' lang='lat' dir='ltr'><strong>quaesitum,</strong></span> <span class='ocrx_word' id='word_1_107' title='bbox 491 1146 534 1182; x_wconf 88' lang='lat' dir='ltr'><strong>et</strong></span> <span class='ocrx_word' id='word_1_108' title='bbox 560 1142 755 1192; x_wconf 82' lang='lat' dir='ltr'><strong>quaestio</strong></span> <span class='ocrx_word' id='word_1_109' title='bbox 782 1141 967 1181; x_wconf 85' lang='lat' dir='ltr'><strong>aduersa</strong></span> <span class='ocrx_word' id='word_1_110' title='bbox 994 1140 1235 1180; x_wconf 71' lang='lat' dir='ltr'><strong>accusatori</strong></span> <span class='ocrx_word' id='word_1_111' title='bbox 1255 1139 1350 1180; x_wconf 78' lang='lat' dir='ltr'><strong>fuit.</strong></span> <span class='ocrx_word' id='word_1_112' title='bbox 1408 1140 1482 1190; x_wconf 85' lang='lat' dir='ltr'><strong>qui</strong></span> 
     </span>
     <span class='ocr_line' id='line_1_17' title="bbox 214 1206 1481 1258; baseline -0.003 -9"><span class='ocrx_word' id='word_1_113' title='bbox 214 1210 372 1249; x_wconf 90' lang='lat' dir='ltr'><strong>scelere</strong></span> <span class='ocrx_word' id='word_1_114' title='bbox 398 1222 560 1258; x_wconf 47' lang='lat' dir='ltr'><strong>uecors</strong></span> <span class='ocrx_word' id='word_1_115' title='bbox 583 1207 708 1247; x_wconf 88' lang='lat' dir='ltr'><strong>simul</strong></span> <span class='ocrx_word' id='word_1_116' title='bbox 737 1207 857 1257; x_wconf 82' lang='lat' dir='ltr'><strong>uulgi</strong></span> <span class='ocrx_word' id='word_1_117' title='bbox 884 1221 1054 1246; x_wconf 89' lang='lat' dir='ltr'><strong>rumore</strong></span> <span class='ocrx_word' id='word_1_118' title='bbox 1075 1206 1264 1255; x_wconf 86' lang='lat' dir='ltr'><strong>territus,</strong></span> <span class='ocrx_word' id='word_1_119' title='bbox 1286 1206 1418 1246; x_wconf 90' lang='lat' dir='ltr'><strong>robur</strong></span> <span class='ocrx_word' id='word_1_120' title='bbox 1438 1210 1481 1246; x_wconf 89' lang='lat' dir='ltr'><strong>et</strong></span> 
     </span>
     <span class='ocr_line' id='line_1_18' title="bbox 214 1271 1481 1324; baseline -0.002 -11"><span class='ocrx_word' id='word_1_121' title='bbox 214 1288 365 1314; x_wconf 88' lang='lat' dir='ltr'><strong>saxum</strong></span> <span class='ocrx_word' id='word_1_122' title='bbox 393 1278 469 1313; x_wconf 88' lang='lat' dir='ltr'><strong>aut</strong></span> <span class='ocrx_word' id='word_1_123' title='bbox 496 1273 811 1324; x_wconf 85' lang='lat' dir='ltr'><strong>parricidarum</strong></span> <span class='ocrx_word' id='word_1_124' title='bbox 839 1287 999 1323; x_wconf 86' lang='lat' dir='ltr'><strong>poenas</strong></span> <span class='ocrx_word' id='word_1_125' title='bbox 1025 1272 1333 1321; x_wconf 86' lang='lat' dir='ltr'><strong>minitantium,</strong></span> <span class='ocrx_word' id='word_1_126' title='bbox 1354 1271 1481 1312; x_wconf 87' lang='lat' dir='ltr'><strong>cessit</strong></span> 
     </span>
    </p>

    <p class='ocr_par' dir='ltr' id='par_1_6' title="bbox 157 1337 1481 1650">
     <span class='ocr_line' id='line_1_19' title="bbox 157 1337 1481 1387; baseline 0 -10"><span class='ocrx_word' id='word_1_127' title='bbox 157 1349 195 1370; x_wconf 91' lang='lat'><strong>10</strong></span> <span class='ocrx_word' id='word_1_128' title='bbox 213 1340 331 1379; x_wconf 89' lang='lat' dir='ltr'><strong>urbe.</strong></span> <span class='ocrx_word' id='word_1_129' title='bbox 390 1353 440 1378; x_wconf 88' lang='lat' dir='ltr'><strong>ac</strong></span> <span class='ocrx_word' id='word_1_130' title='bbox 473 1342 688 1379; x_wconf 86' lang='lat' dir='ltr'><strong>retractus</strong></span> <span class='ocrx_word' id='word_1_131' title='bbox 718 1338 929 1377; x_wconf 86' lang='lat' dir='ltr'><strong>Rauenna</strong></span> <span class='ocrx_word' id='word_1_132' title='bbox 958 1337 1134 1387; x_wconf 79' lang='lat' dir='ltr'><strong>exsequi</strong></span> <span class='ocrx_word' id='word_1_133' title='bbox 1163 1337 1481 1377; x_wconf 86' lang='lat' dir='ltr'><strong>accusationem</strong></span> 
     </span>
     <span class='ocr_line' id='line_1_20' title="bbox 212 1402 1481 1455; baseline -0.002 -11"><span class='ocrx_word' id='word_1_134' title='bbox 212 1405 417 1455; x_wconf 84' lang='lat' dir='ltr'><strong>adigitur,</strong></span> <span class='ocrx_word' id='word_1_135' title='bbox 438 1419 524 1444; x_wconf 92' lang='lat' dir='ltr'><strong>non</strong></span> <span class='ocrx_word' id='word_1_136' title='bbox 552 1404 796 1444; x_wconf 84' lang='lat' dir='ltr'><strong>occultante</strong></span> <span class='ocrx_word' id='word_1_137' title='bbox 824 1403 994 1443; x_wconf 87' lang='lat' dir='ltr'><strong>Tiberio</strong></span> <span class='ocrx_word' id='word_1_138' title='bbox 1016 1407 1140 1443; x_wconf 90' lang='lat' dir='ltr'><strong>uetus</strong></span> <span class='ocrx_word' id='word_1_139' title='bbox 1161 1402 1306 1442; x_wconf 88' lang='lat' dir='ltr'><strong>odium</strong></span> <span class='ocrx_word' id='word_1_140' title='bbox 1327 1402 1481 1442; x_wconf 90' lang='lat' dir='ltr'><strong>aduer-</strong></span> 
     </span>
     <span class='ocr_line' id='line_1_21' title="bbox 213 1468 1479 1519; baseline -0.002 -9"><span class='ocrx_word' id='word_1_141' title='bbox 213 1485 305 1510; x_wconf 87' lang='lat' dir='ltr'><strong>sum</strong></span> <span class='ocrx_word' id='word_1_142' title='bbox 322 1471 492 1511; x_wconf 80' lang='lat' dir='ltr'><strong>exulem</strong></span> <span class='ocrx_word' id='word_1_143' title='bbox 511 1470 731 1510; x_wconf 77' lang='lat' dir='ltr'><strong>Serenum.</strong></span> <span class='ocrx_word' id='word_1_144' title='bbox 771 1484 870 1508; x_wconf 88' lang='lat' dir='ltr'><strong>nam</strong></span> <span class='ocrx_word' id='word_1_145' title='bbox 888 1473 983 1519; x_wconf 89' lang='lat' dir='ltr'><strong>post</strong></span> <span class='ocrx_word' id='word_1_146' title='bbox 999 1469 1253 1508; x_wconf 85' lang='lat' dir='ltr'><strong>damnatum</strong></span> <span class='ocrx_word' id='word_1_147' title='bbox 1271 1468 1479 1508; x_wconf 88' lang='lat' dir='ltr'><strong>Libonem</strong></span> 
     </span>
     <span class='ocr_line' id='line_1_22' title="bbox 212 1534 1479 1584; baseline -0.002 -9"><span class='ocrx_word' id='word_1_148' title='bbox 212 1535 350 1576; x_wconf 88' lang='lat' dir='ltr'><strong>missis</strong></span> <span class='ocrx_word' id='word_1_149' title='bbox 394 1535 450 1574; x_wconf 86' lang='lat' dir='ltr'><strong>ad</strong></span> <span class='ocrx_word' id='word_1_150' title='bbox 496 1534 723 1575; x_wconf 85' lang='lat' dir='ltr'><strong>Caesarem</strong></span> <span class='ocrx_word' id='word_1_151' title='bbox 770 1534 925 1573; x_wconf 84' lang='lat' dir='ltr'><strong>litteris</strong></span> <span class='ocrx_word' id='word_1_152' title='bbox 969 1534 1311 1584; x_wconf 84' lang='lat' dir='ltr'><strong>exprobrauerat</strong></span> <span class='ocrx_word' id='word_1_153' title='bbox 1355 1548 1479 1573; x_wconf 90' lang='lat' dir='ltr'><strong>suum</strong></span> 
     </span>
     <span class='ocr_line' id='line_1_23' title="bbox 212 1599 1478 1650; baseline -0.001 -8"><span class='ocrx_word' id='word_1_154' title='bbox 212 1606 383 1642; x_wconf 79' lang='lat' dir='ltr'><strong>tantum</strong></span> <span class='ocrx_word' id='word_1_155' title='bbox 428 1600 617 1641; x_wconf 86' lang='lat' dir='ltr'><strong>studium</strong></span> <span class='ocrx_word' id='word_1_156' title='bbox 664 1600 754 1640; x_wconf 87' lang='lat' dir='ltr'><strong>sine</strong></span> <span class='ocrx_word' id='word_1_157' title='bbox 796 1599 942 1639; x_wconf 73' lang='lat' dir='ltr'><strong>fructu</strong></span> <span class='ocrx_word' id='word_1_158' title='bbox 981 1600 1124 1650; x_wconf 74' lang='lat' dir='ltr'><strong>fuisse,</strong></span> <span class='ocrx_word' id='word_1_159' title='bbox 1164 1599 1478 1650; x_wconf 85' lang='lat' dir='ltr'><strong>addideratque</strong></span> 
     </span>
    </p>

    <p class='ocr_par' dir='ltr' id='par_1_7' title="bbox 157 1665 1480 1967">
     <span class='ocr_line' id='line_1_24' title="bbox 157 1665 1478 1718; baseline -0.001 -13"><span class='ocrx_word' id='word_1_160' title='bbox 157 1682 192 1715; x_wconf 84' lang='lat'><strong>15</strong></span> <span class='ocrx_word' id='word_1_161' title='bbox 212 1668 426 1718; x_wconf 87' lang='lat' dir='ltr'><strong>quaedam</strong></span> <span class='ocrx_word' id='word_1_162' title='bbox 479 1666 774 1706; x_wconf 85' lang='lat' dir='ltr'><strong>contumacius</strong></span> <span class='ocrx_word' id='word_1_163' title='bbox 821 1681 951 1716; x_wconf 89' lang='lat' dir='ltr'><strong>quam</strong></span> <span class='ocrx_word' id='word_1_164' title='bbox 997 1670 1141 1705; x_wconf 86' lang='lat' dir='ltr'><strong>tutum</strong></span> <span class='ocrx_word' id='word_1_165' title='bbox 1189 1665 1305 1716; x_wconf 90' lang='lat' dir='ltr'><strong>apud</strong></span> <span class='ocrx_word' id='word_1_166' title='bbox 1353 1680 1478 1705; x_wconf 87' lang='lat' dir='ltr'><strong>aures</strong></span> 
     </span>
     <span class='ocr_line' id='line_1_25' title="bbox 214 1731 1478 1784; baseline -0.003 -10"><span class='ocrx_word' id='word_1_167' title='bbox 214 1733 420 1784; x_wconf 85' lang='lat' dir='ltr'><strong>superbas</strong></span> <span class='ocrx_word' id='word_1_168' title='bbox 459 1736 502 1772; x_wconf 86' lang='lat' dir='ltr'><strong>et</strong></span> <span class='ocrx_word' id='word_1_169' title='bbox 541 1731 767 1771; x_wconf 82' lang='lat' dir='ltr'><strong>offensioni</strong></span> <span class='ocrx_word' id='word_1_170' title='bbox 806 1731 1038 1782; x_wconf 87' lang='lat' dir='ltr'><strong>proniores.</strong></span> <span class='ocrx_word' id='word_1_171' title='bbox 1097 1746 1147 1771; x_wconf 88' lang='lat' dir='ltr'><strong>ea</strong></span> <span class='ocrx_word' id='word_1_172' title='bbox 1186 1731 1345 1771; x_wconf 85' lang='lat' dir='ltr'><strong>Caesar</strong></span> <span class='ocrx_word' id='word_1_173' title='bbox 1383 1735 1478 1770; x_wconf 87' lang='lat' dir='ltr'><strong>octo</strong></span> 
     </span>
     <span class='ocr_line' id='line_1_26' title="bbox 213 1796 1478 1849; baseline -0.003 -10"><span class='ocrx_word' id='word_1_174' title='bbox 213 1803 308 1849; x_wconf 83' lang='lat' dir='ltr'><strong>post</strong></span> <span class='ocrx_word' id='word_1_175' title='bbox 338 1811 474 1837; x_wconf 85' lang='lat' dir='ltr'><strong>annos</strong></span> <span class='ocrx_word' id='word_1_176' title='bbox 503 1796 684 1846; x_wconf 90' lang='lat' dir='ltr'><strong>rettulit,</strong></span> <span class='ocrx_word' id='word_1_177' title='bbox 714 1796 903 1836; x_wconf 91' lang='lat' dir='ltr'><strong>medium</strong></span> <span class='ocrx_word' id='word_1_178' title='bbox 932 1800 1100 1846; x_wconf 87' lang='lat' dir='ltr'><strong>tempus</strong></span> <span class='ocrx_word' id='word_1_179' title='bbox 1131 1796 1249 1835; x_wconf 88' lang='lat' dir='ltr'><strong>uarie</strong></span> <span class='ocrx_word' id='word_1_180' title='bbox 1279 1810 1478 1845; x_wconf 82' lang='lat' dir='ltr'><strong>arguens,</strong></span> 
     </span>
     <span class='ocr_line' id='line_1_27' title="bbox 214 1862 1480 1912; baseline -0.002 -8"><span class='ocrx_word' id='word_1_181' title='bbox 214 1864 343 1905; x_wconf 86' lang='lat' dir='ltr'><strong>etiam</strong></span> <span class='ocrx_word' id='word_1_182' title='bbox 402 1863 436 1902; x_wconf 90' lang='lat' dir='ltr'><strong>si</strong></span> <span class='ocrx_word' id='word_1_183' title='bbox 492 1866 708 1902; x_wconf 84' lang='lat' dir='ltr'><strong>tormenta</strong></span> <span class='ocrx_word' id='word_1_184' title='bbox 761 1862 1003 1912; x_wconf 87' lang='lat' dir='ltr'><strong>peruicacia</strong></span> <span class='ocrx_word' id='word_1_185' title='bbox 1056 1876 1276 1902; x_wconf 85' lang='lat' dir='ltr'><strong>seruorum</strong></span> <span class='ocrx_word' id='word_1_186' title='bbox 1329 1866 1480 1902; x_wconf 85' lang='lat' dir='ltr'><strong>contra</strong></span> 
     </span>
     <span class='ocr_line' id='line_1_28' title="bbox 213 1927 469 1967; baseline -0.008 0"><span class='ocrx_word' id='word_1_187' title='bbox 213 1927 469 1967; x_wconf 86' lang='lat' dir='ltr'><strong>euenissent.</strong></span> 
     </span>
    </p>

    <p class='ocr_par' dir='ltr' id='par_1_8' title="bbox 214 1991 1479 2241">
     <span class='ocr_line' id='line_1_29' title="bbox 294 1991 1479 2035; baseline 0.005 -6"><span class='ocrx_word' id='word_1_188' title='bbox 294 1993 366 2035; x_wconf 82' lang='lat'><strong>30.</strong></span> <span class='ocrx_word' id='word_1_189' title='bbox 426 1992 563 2031; x_wconf 88' lang='lat' dir='ltr'><strong>Dictis</strong></span> <span class='ocrx_word' id='word_1_190' title='bbox 612 1991 711 2031; x_wconf 85' lang='lat' dir='ltr'><strong>dein</strong></span> <span class='ocrx_word' id='word_1_191' title='bbox 760 1992 984 2032; x_wconf 78' lang='lat' dir='ltr'><strong>sententiis</strong></span> <span class='ocrx_word' id='word_1_192' title='bbox 1032 1997 1080 2032; x_wconf 89' lang='lat' dir='ltr'><strong>ut</strong></span> <span class='ocrx_word' id='word_1_193' title='bbox 1129 1994 1314 2033; x_wconf 65' lang='lat' dir='ltr'><strong>Serenus</strong></span> <span class='ocrx_word' id='word_1_194' title='bbox 1364 2010 1479 2035; x_wconf 88' lang='lat' dir='ltr'><strong>more</strong></span> 
     </span>
     <span class='ocr_line' id='line_1_30' title="bbox 214 2057 1477 2109; baseline 0.002 -10"><span class='ocrx_word' id='word_1_195' title='bbox 214 2059 423 2099; x_wconf 87' lang='lat' dir='ltr'><strong>maiorum</strong></span> <span class='ocrx_word' id='word_1_196' title='bbox 440 2057 678 2108; x_wconf 78' lang='lat' dir='ltr'><strong>puniretur,</strong></span> <span class='ocrx_word' id='word_1_197' title='bbox 692 2072 776 2107; x_wconf 82' lang='lat' dir='ltr'><strong>quo</strong></span> <span class='ocrx_word' id='word_1_198' title='bbox 792 2058 977 2098; x_wconf 89' lang='lat' dir='ltr'><strong>molliret</strong></span> <span class='ocrx_word' id='word_1_199' title='bbox 990 2058 1211 2109; x_wconf 82' lang='lat' dir='ltr'><strong>inuidiam,</strong></span> <span class='ocrx_word' id='word_1_200' title='bbox 1226 2059 1477 2101; x_wconf 82' lang='lat' dir='ltr'><strong>intercessit.</strong></span> 
     </span>
     <span class='ocr_line' id='line_1_31' title="bbox 215 2122 1477 2172; baseline 0.001 -8"><span class='ocrx_word' id='word_1_201' title='bbox 215 2124 365 2164; x_wconf 80' lang='lat' dir='ltr'><strong>Gallus</strong></span> <span class='ocrx_word' id='word_1_202' title='bbox 386 2123 561 2163; x_wconf 89' lang='lat' dir='ltr'><strong>Asinius</strong></span> <span class='ocrx_word' id='word_1_203' title='bbox 585 2137 681 2162; x_wconf 89' lang='lat' dir='ltr'><strong>cum</strong></span> <span class='ocrx_word' id='word_1_204' title='bbox 709 2122 855 2172; x_wconf 81' lang='lat' dir='ltr'><strong>Gyaro</strong></span> <span class='ocrx_word' id='word_1_205' title='bbox 882 2127 957 2162; x_wconf 88' lang='lat' dir='ltr'><strong>aut</strong></span> <span class='ocrx_word' id='word_1_206' title='bbox 986 2123 1161 2163; x_wconf 85' lang='lat' dir='ltr'><strong>Donusa</strong></span> <span class='ocrx_word' id='word_1_207' title='bbox 1188 2124 1477 2165; x_wconf 86' lang='lat' dir='ltr'><strong>claudendum</strong></span> 
     </span>
     <span class='ocr_line' id='line_1_32' title="bbox 215 2189 1479 2241; baseline 0 -10"><span class='ocrx_word' id='word_1_208' title='bbox 215 2194 420 2239; x_wconf 79' lang='lat' dir='ltr'><strong>censeret,</strong></span> <span class='ocrx_word' id='word_1_209' title='bbox 450 2189 494 2228; x_wconf 91' lang='lat' dir='ltr'><strong>id</strong></span> <span class='ocrx_word' id='word_1_210' title='bbox 528 2203 697 2239; x_wconf 83' lang='lat' dir='ltr'><strong>quoque</strong></span> <span class='ocrx_word' id='word_1_211' title='bbox 731 2193 986 2239; x_wconf 84' lang='lat' dir='ltr'><strong>aspernatus</strong></span> <span class='ocrx_word' id='word_1_212' title='bbox 1020 2194 1096 2239; x_wconf 82' lang='lat' dir='ltr'><strong>est,</strong></span> <span class='ocrx_word' id='word_1_213' title='bbox 1127 2204 1306 2240; x_wconf 83' lang='lat' dir='ltr'><strong>egenam</strong></span> <span class='ocrx_word' id='word_1_214' title='bbox 1341 2206 1479 2241; x_wconf 86' lang='lat' dir='ltr'><strong>aquae</strong></span> 
     </span>
    </p>
   </div>
  </div>
 </body>
</html>
